2892 4917
264 291 330 353 208
656 282 982 351 OOMMENTABWS

267 459 358 534 simoni
379 467 501 550 debuit,
523 469 622 553 ipsum
646 476 859 552 argumentum
886 464 958 552 (rie
978 463 1089 549 iopas)
1109 465 1275 550 epapaelae
1294 466 1364 530 tote

268 583 391 658 patere,
412 575 542 658 ideoque
570 582 602 638 et
621 576 727 639 multis
749 582 781 639 et
802 575 972 640 maioribus
997 573 1143 656 opsoniis
1171 576 1270 643 loono
1287 595 1364 642 eon-

266 684 387 762 redere,
408 683 464 745 sed
484 683 539 745 ille
568 682 648 747 lanua
671 685 854 748 sententiam
886 683 1031 747 mntiuua
1050 701 1109 765 per
1131 685 1285 762 Odysseae
1303 702 1363 748 ex-

265 791 397 872 emplum
416 791 577 853 illustram
597 790 723 869 maluit,
756 809 817 874 qua
845 791 879 855 ln
899 808 935 854 re
963 809 1086 855 ananam
1105 792 1296 873 excerpentis
1313 797 1363 852 te-

266 898 367 962 ehoiei
389 898 432 979 (is
464 898 613 979 exemplis
632 898 796 980 plurimum
815 897 938 978 tribuit)
969 897 1200 982 deprehendere
1221 899 1293 962 mihi
1314 898 1364 962 vi-

263 1006 349 1070 deor.
376 1005 534 1083 odysseae
548 1014 761 1089 argumentum
782 1009 923 1092 quanvis
941 1010 1050 1091 paneis
1070 1009 1176 1073 verbis
1189 1026 1210 1069 ο
1228 1006 1364 1089 philoso-

270 1116 332 1199 pha
355 1115 620 1199 comprehensum,
642 1118 670 1182 si
690 1116 870 1199 iphigeniae
889 1123 1105 1201 eomparatur,
1144 1132 1290 1199 mapsam
1308 1134 1366 1177 vo-

263 1223 331 1287 anri
352 1230 464 1305 potest
506 1226 607 1290 codex
623 1227 668 1289 No
682 1231 714 1287 et
734 1226 767 1290 ll
795 1228 837 1290 14
858 1205 972 1305 μἰκρός
990 1242 1055 1306 pro
1069 1214 1193 1302 μακρὸς
1213 1221 1365 1300 aierunt,

264 1330 346 1412 quod
368 1329 509 1412 plurimis
531 1332 699 1396 editoribus
720 1332 846 1415 placuit.
870 1311 912 1380 Q·-
954 1328 1025 1391 uni
1042 1329 1364 1409 nnpopataoro-

260 1433 384 1513 μένου
410 1430 485 1496 ὑπὸ
516 1440 594 1500 τοῦ
625 1437 918 1511 ssoosrdainar:
947 1433 1107 1521 Neptunus
1136 1435 1260 1501 Ulixem
1290 1456 1357 1501 nra·

261 1546 348 1628 ligae
380 1542 579 1612 adservabat
607 1551 642 1609 nt
660 1545 727 1608 eius
746 1544 878 1609 reditrnn
908 1547 1074 1607 auerteret
1100 1540 1166 1605 vid.¹
1186 1541 1295 1619 odyss.
1315 1540 1361 1604 A.

263 1658 306 1718 74
329 1672 396 1737 sqq.
439 1671 497 1736 pra
517 1643 580 1711 ind
601 1647 658 1710 τοῦ
679 1646 886 1721 Ποσειδῶνος
905 1649 1020 1712 rectius
1039 1646 1176 1712 dedisset
1198 1639 1262 1707 riui
1284 1643 1366 1707 θεοῦ

261 1779 368 1832 rarae:
391 1760 517 1824 nunninae
538 1758 619 1822 euim
640 1754 685 1839 τῷ
712 1747 854 1817 καθόλου
875 1762 1061 1840 repugnant

347 1861 451 1938 τούς
471 1863 501 1926 δ’
523 1857 713 1944 ἐχθρούς
733 1860 1010 1945 torpescere:
1033 1864 1074 1929 (i.
1093 1860 1365 1929 GuilNitnsahius

267 1974 301 2038 in
322 1973 404 2036 libro
427 1971 469 2037 de
490 1967 676 2039 Aristotele
696 1975 816 2036 eontra
840 1964 1019 2052 Wolfianos
1036 1990 1068 2052 p.
1078 1976 1130 2033 69.
1154 1970 1231 2050 (inm
1251 1966 1364 2034 delli-

260 2085 371 2147 staria
392 2076 529 2147 Homeri
549 2077 714 2145 Meletenn
737 2079 776 2143 ll.
796 2098 828 2164 p.
841 2078 899 2159 5⁷)
921 2077 1048 2143 scribit:
1061 2066 1280 2142 “incolumitas
1303 2078 1361 2140 illa

265 2190 394 2252 viatoris
413 2207 477 2254 non
498 2190 569 2272 ipst
587 2188 677 2252 modo
699 2187 830 2252 victorii
854 2186 1042 2265 muniretur,
1064 2184 1120 2247 sed
1140 2185 1276 2267 oparnrit
1297 2204 1366 2249 eum

265 2297 359 2362 etiam
383 2296 424 2361 alr
443 2298 574 2361 vultione
594 2295 676 2362 omni
695 2301 794 2360 tutuno
814 2311 893 2358 esse.
945 2298 1134 2376 quapropter
1157 2291 1279 2356 dubium
1300 2313 1364 2357 nan

164 2447 172 2468 n
261 2414 319 2487 est,
340 2406 414 2488 quin
436 2404 544 2468 munna
565 2421 704 2485 qnoque,
726 2400 836 2484 quibus
857 2419 923 2483 pax
943 2419 1010 2463 eum
1029 2399 1219 2464 ltaeensibus
1239 2417 1365 2483 eompa-

263 2515 326 2578 sitn
345 2518 513 2588 namnum,
535 2511 597 2574 isto
619 2503 718 2580 αὐτὸς
739 2499 849 2588 ἐσώθη
868 2507 1134 2590 comprehenderit
1148 2506 1366 2573 Aristoteles.''

258 2640 336 2686 eave
353 2620 463 2683 medas
484 2620 552 2682 vira
575 2616 786 2701 sagacissimo.
838 2634 910 2681 unm
931 2618 1055 2681 nonnisi
1083 2614 1240 2700 ponsrode
1260 2634 1361 2699 argu-

258 2735 391 2794 mentum
404 2728 561 2806 Odysseae
581 2726 611 2791 h.
626 2727 648 2790 1.
670 2724 860 2808 propositum
875 2730 938 2789 est:
962 2726 1017 2788 sed
1031 2744 1096 2807 pax
1115 2726 1172 2789 illa
1193 2742 1261 2787 eum
1282 2742 1358 2805 pro·
1440 2727 1441 2754 ¹

258 2854 365 2898 eorum
384 2834 527 2897 ammom
561 2832 730 2914 composita
761 2827 816 2913 (Ω.
839 2830 1007 2911 412-547)
1035 2826 1214 2892 ἐπεισόδιον
1235 2837 1307 2906 est,
1327 2838 1362 2894 et

258 2942 380 3026 quidem
401 2940 516 3001 οἰκεῖον
535 2935 725 3005 ἐπεισόδιον.

342 3049 513 3130 Praecepta
547 3069 604 3113 sna
637 3049 817 3131 tragoedias
847 3048 1009 3132 seriptouia
1040 3048 1194 3114 destinata
1222 3047 1358 3112 nondum
1440 3119 1441 3122 Ἴ

256 3155 417 3239 proposuit
437 3156 547 3235 omnia,
568 3157 623 3218 sed
644 3161 745 3219 restat
766 3174 858 3219 unum
878 3155 1094 3237 gravissimum
1114 3156 1212 3233 illud,
1240 3173 1280 3217 ne
1302 3157 1356 3219 fa-

257 3265 400 3330 lrulerurn
420 3266 597 3345 complexus
619 3254 814 3344 (inenormis
841 3262 908 3326 sive
932 3259 1118 3341 πολύμυθον
1139 3254 1299 3342 σύοτῃμα)
1323 3264 1357 3327 in

256 3371 423 3453 tragoedia
451 3376 678 3453 pertractetur,
701 3367 750 3430 aui
781 3373 953 3450 opportune
974 3368 1152 3452 adiungitur
1174 3370 1276 3432 altera
1298 3370 1356 3434 ad-

255 3480 395 3559 monitio,
415 3496 455 3541 ne
469 3478 545 3560 ,qun
566 3477 691 3539 olorum
718 3475 824 3550 aliena
851 3475 1082 3538 intercinentenr
1101 3476 1246 3538 inducere
1266 3477 1353 3541 velit
1440 3475 1441 3482 ’

255 3606 362 3650 verum
394 3588 474 3650 enim
506 3605 581 3649 vero
613 3604 715 3647 rerum
741 3583 912 3647 alienarum
941 3583 1147 3664 explicatione
1174 3583 1233 3646 hue
1264 3584 1356 3648 illata

255 3690 297 3771 (a.
321 3698 371 3770 18,
390 3693 500 3771 1-3),
527 3692 587 3754 duo
607 3691 665 3753 illa
699 3696 866 3771 praecepto
887 3689 1005 3776 demum
1037 3709 1064 3753 ο.
1086 3694 1138 3770 18,
1158 3694 1229 3755 4-7
1252 3692 1357 3776 posita

254 3799 395 3882 legimus.
426 3802 493 3884 ,sed
515 3801 554 3868 de
572 3800 622 3864 his
643 3799 748 3867 storin
769 3799 949 3886 videbimus,

876 3999 924 4010 nn·-
