2892 4917
342 283 387 361 m
405 247 608 354 nonnose
630 284 994 369 enimam-11.
1147 296 1214 362 sua

134 479 137 482 ·
203 457 253 559 ἄν
282 466 327 546 di
355 469 408 555 θ’,ῆ
418 494 427 538 z
460 463 811 555 omniumgentilium
834 461 952 532 dranus
972 466 991 531 d
1010 464 1151 553 ιιιιηιῆσ
1170 507 1213 524 ·-

121 575 219 641 inat*
236 572 307 641 aui
324 572 374 640 τὰ
395 578 437 650 ἐν
455 574 679 662 Ὀδυσσείᾳ
701 569 1033 659 ἄλογα-ἡδύνων
1052 578 1096 640 τὸ
1122 570 1211 641 ἅτσ-
1288 599 1291 605 ·

52 707 60 730 ι
121 703 215 746 nous
240 683 395 767 significat
423 685 580 763 Odysseae
600 686 640 749 N.
664 688 792 752 itt-125.
823 685 855 750 in
876 685 959 749 duee
985 687 1213 769 prudentissimi

123 792 187 856 viri
208 792 362 876 integrum
383 794 526 860 iudicium
539 812 653 877 quaeso
665 813 828 877 agnoscas.
851 795 998 857 articulus
1011 803 1083 858 ante
1101 793 1213 859 ’Odon-

118 896 191 982 uru'p
221 901 272 964 hic
301 905 385 964 reete
407 900 519 964 abest:
545 919 607 963 non
631 900 711 963 enim
730 899 866 966 indioare
889 900 988 963 voluit
1007 919 1211 987 quaecumque

119 993 222 1084 ἄλογα
243 1007 377 1071 inessent
393 1009 560 1092 Odysseae,
581 1008 636 1072 sed
658 1008 833 1092 singularia
854 1008 912 1074 illu
930 1008 971 1071 ad
992 1011 1210 1091 expositionem

119 1115 222 1179 Ulixis
239 1117 432 1197 pertinentia.

199 1220 229 1303 θ’.
253 1231 303 1287 11.
354 1218 500 1288 ndito:
529 1226 677 1309 estquod
698 1226 801 1292 Latini
822 1228 929 1293 dicunt
952 1246 1082 1309 rursus,
1107 1228 1211 1293 'l'heo-

116 1329 188 1395 tisei
209 1332 364 1397 andren
384 1332 521 1400 Seits.
543 1336 582 1400 ef.
604 1354 631 1400 e.
653 1341 686 1415 o,
704 1341 737 1402 3.

545 1553 812 1571 mod—u

545 1752 681 1822 CAPVT
703 1760 781 1825 25.

9 1995 11 2074 p
204 1941 299 2048 Quae
318 1968 353 2033 tn
374 1974 546 2056 poetaram
563 1968 719 2053 operibus
742 1972 815 2034 siue
837 1972 995 2036 turesiue
1016 1971 1141 2038 iniuria
1155 1990 1208 2037 re-

9 2079 11 2166 }
114 2071 367 2167 pretendentem,
387 2104 429 2150 eu
442 2086 594 2170 ptus-itus
603 2087 709 2158 modu
721 2090 889 2173 uanoque
902 2085 1057 2170 areticio
1079 2087 1208 2158 datum

9 2185 10 2232 ³
112 2200 167 2267 uel
185 2220 355 2267 nemore
375 2202 465 2269 lieet.

197 2421 279 2503 Noli,
298 2421 407 2503 lector,
427 2420 558 2505 gravari
578 2421 715 2485 relmiii
735 2421 893 2505 indignari
911 2427 944 2484 te
964 2437 1072 2484 rursus
1093 2421 1127 2485 in
1149 2441 1207 2487 un-

115 2547 169 2592 eos
188 2527 262 2592 illos
283 2531 396 2594 fatales
412 2529 586 2596 innumere:
617 2549 679 2594 non
701 2530 782 2593 enirn
801 2530 898 2593 libido
918 2547 987 2593 mea
1010 2548 1063 2592 ens
1085 2529 1209 2610 posuit,

114 2637 171 2700 sed
189 2638 259 2719 ipsa
278 2638 395 2706 veritas
416 2639 625 2721 expostulavit
644 2646 680 2702 ut
691 2639 740 2702 illi
754 2637 906 2703 carnificis
924 2637 1025 2701 officio
1037 2638 1207 2720 fungerem

113 2750 173 2809 nu.
198 2745 303 2830 itaque
325 2748 457 2812 amnium
480 2749 605 2813 attende
624 2755 655 2810 et
674 2766 741 2814 rem
761 2766 922 2831 eognosce.
965 2745 1004 2808 de
1023 2743 1207 2828 problema·

9 2873 10 2882 ¹
111 2856 159 2919 tls
180 2855 333 2938 loquimur
354 2873 517 2940 eorumque
537 2852 765 2922 solutionibus.
787 2849 996 2935 προβλήματα
1019 2871 1114 2920 verus
1130 2852 1207 2918 tri-

112 2963 240 3027 stnteles
263 2964 342 3029 dixit
376 2964 571 3047 quaestiones
600 2969 631 3027 et
650 2964 762 3030 trenes
793 2961 1018 3044 disputationes
1048 2962 1087 3023 de
1113 2961 1208 3024 relius

112 3071 292 3154 quibusdam
312 3074 446 3138 nondum
459 3074 537 3138 satis
559 3071 731 3155 exploratis
745 3070 972 3154 proponendas,
992 3057 1120 3153 quarum
1139 3070 1207 3151 ipse

110 3178 269 3262 ingentem
287 3195 445 3242 numanum
462 3179 646 3260 conseripsit
666 3185 697 3242 et
715 3181 839 3264 solvere
860 3196 986 3259 operum
1005 3177 1090 3239 dedit
1110 3176 1143 3239 in
1165 3176 1206 3240 li-

109 3282 176 3349 ltris
196 3284 260 3348 illis
282 3278 527 3365 Προβλημάτων
547 3286 710 3348 etiamnum
728 3284 931 3348 conservatis.
971 3281 1027 3344 sed
1048 3301 1126 3365 quae
1147 3282 1208 3345 hun

110 3392 214 3473 eapite
233 3376 452 3474 persensentur
472 3384 694 3474 προβλήματα,
715 3399 789 3456 sumt
816 3388 1038 3473 difficultates
1057 3390 1098 3452 ad
1119 3390 1204 3453 uitu-

108 3500 265 3581 petendos
285 3507 393 3584 poetas
406 3501 509 3583 epioos
527 3507 562 3565 et
578 3501 611 3564 in
630 3500 679 3564 liis
698 3518 776 3583 prae
794 3497 1078 3584 eammRumerum
1092 3505 1207 3579 ugone

110 3606 318 3689 excogitatae,
339 3625 418 3690 quae
445 3624 509 3669 non
528 3612 593 3670 mm
614 3605 655 3669 ad
686 3606 799 3670 seriani
818 3606 1015 3690 miniamque
1034 3607 1204 3671 doctrinam

110 3715 350 3797 expromendam
370 3731 460 3797 quam
488 3714 529 3778 ad
548 3714 763 3777 ostentandam
783 3733 896 3778 ranam
916 3713 1076 3777 seientiam
1094 3713 1204 3775 sedulo

109 3826 140 3883 et
161 3820 288 3888 turbate
309 3818 532 3904 propinantur:
563 3810 668 3889 λύσεις
687 3825 790 3881 autem
807 3835 886 3906 quae
906 3819 1049 3904 dicuntur
1072 3822 1204 3884 artilida

109 3934 193 4004 suut,
213 3927 320 4011 quibus
340 3928 415 3994 illae
434 3927 630 3998 difficultates
658 3922 819 4007 (daupein,
841 3911 1047 4008 αἰισρήματα,
1066 3920 1204 4008 προβλή-

106 4056 208 4117 ματα,
229 4033 403 4117 ζητήματα,
425 4028 598 4118 ἐνστάσεις,
619 4025 815 4115 ἐπιτιμήσεις
842 4054 868 4101 s.
891 4027 1113 4115 εἰιιτιμὴματα)
1134 4053 1203 4119 spe.

108 4143 222 4208 dusius
240 4145 418 4227 plerumque
437 4162 528 4228 quam
549 4144 653 4209 venius
671 4145 893 4208 dissoluuntur.
950 4145 1009 4206 hoe
1028 4163 1127 4226 genus
1148 4162 1214 4207 ea·-

105 4252 273 4334 ptiosarum
302 4252 511 4337 quaestionum
545 4271 566 4316 a
599 4253 707 4340 paruis
742 4253 837 4318 initiis
884 4255 1056 4319 inerescere
1090 4253 1203 4340 eoepit,
