2892 4917
357 325 399 393 m
421 322 624 390 ronrreru
645 322 733 413 err.
754 329 784 387 ο.
807 321 836 406 ς.
856 324 886 388 ο.
1102 328 1168 388 τοι

89 506 194 574 tioue'm
227 528 326 592 neque
355 527 569 592 quemcumque
597 515 709 572 metum
741 498 874 586 πάθημα
904 524 972 569 esse
1001 506 1084 572 soloe
1115 505 1170 570 sed

36 674 39 683 .
87 619 161 683 idem
180 618 231 682 aio
252 637 308 700 per
328 611 481 677 τοιούτων
508 610 707 696 παθημάτων
734 612 928 694 affectiones
947 617 1173 679 miserationis

87 733 119 791 et
136 732 240 790 metus
263 724 452 805 significari,
483 723 556 804 quia
584 722 730 803 seriptum
751 723 825 803 lego
848 717 902 780 daei
925 718 1015 780 titos
1035 722 1091 779 τοι·
1110 716 1173 802 φό.

90 834 141 911 sos
160 832 355 908 πεπαίνουσα
371 822 428 908 τήν
450 822 609 907 κάθαρσιν
628 829 692 889 τῶν
711 826 865 888 τοιούτων
886 823 1097 907 παθημάτων,
1118 826 1175 891 sed

92 959 140 1003 cas
158 940 304 1021 intelligo
326 937 503 1002 affectiones
526 955 604 1019 quae
617 957 674 1000 sua
694 937 726 1000 ri
746 935 878 999 hominis
898 942 1029 998 mentem
1049 936 1176 1001 metant

88 1056 120 1111 et
140 1049 273 1111 anim
304 1046 483 1108 'commotum
511 1064 602 1127 queam
628 1045 759 1107 maxime
789 1043 939 1121 reddunt,
973 1061 1027 1105 eas
1049 1058 1176 1125 quamm

69 1170 72 1179 ·
93 1157 304 1239 purgationem
321 1154 353 1217 iu
374 1154 467 1216 relus
485 1153 655 1216 utilissimis
679 1152 792 1215 reterri
815 1153 912 1215 decet
953 1150 1057 1234 itaque
1076 1151 1178 1233 philo-

95 1264 200 1346 sophus
220 1280 261 1324 ue
294 1262 394 1342 potuit
416 1262 535 1344 quidem
566 1257 686 1321 τούτων
715 1261 851 1324 scribere
875 1260 930 1321 sed
951 1256 1104 1320 τοιούτων
1125 1259 1179 1320 de-

93 1371 167 1451 luit,
199 1390 267 1433 cum
288 1371 387 1449 nollet
417 1369 476 1432 hoc
499 1368 712 1450 pronuntiari,
741 1387 798 1449 per
828 1368 1022 1450 tragoediam
1048 1368 1199 1451 pnrgari¹

95 1497 304 1560 quamcumque
326 1478 552 1540 miserationem
571 1484 752 1563 metumque
772 1476 827 1539 sed
848 1478 933 1540 illam
953 1476 1179 1540 miserationem
1251 1470 1257 1481 '

94 1594 274 1670 metrumque,
295 1603 422 1669 quorum
441 1583 473 1645 vi
493 1583 611 1645 animus
645 1589 675 1643 et
696 1602 782 1645 mens
803 1583 1076 1664 perturbarentur,
1097 1583 1127 1647 h.
1151 1603 1178 1648 e.

96 1695 299 1759 miserationis
328 1701 486 1773 metusque
512 1691 688 1753 auecuones
711 1691 756 1755 ita
782 1692 997 1771 vehementes,
1019 1691 1104 1755 utin
1123 1711 1180 1755 uu-

92 1820 170 1865 rnero
195 1794 396 1878 παθημάτων
417 1798 614 1879 reponendae
635 1799 697 1861 sint
711 1797 749 1877 2).
792 1800 935 1881 deinceps
956 1799 1116 1863 ditandum
1135 1805 1182 1861 est

96 1909 239 1990 quomodo
263 1906 426 1989 tragoedia
450 1924 504 1968 eas
518 1907 767 1988 perturbationes
788 1912 918 1989 perpet:
943 1906 990 1971 ‚id
1003 1914 1038 1973 ut
1059 1908 1181 1971 efficere
1271 1949 1276 1966 .

96 2016 195 2095 possit,
218 2032 343 2076 necesse
365 2013 487 2077 videtur
508 2031 584 2090 esse,
608 2019 643 2073 ut
662 2013 889 2076 miserationem
904 2019 935 2075 et
955 2021 1067 2078 metrum
1085 2017 1181 2079 exei-

22 2186 23 2191 ,
92 2127 152 2186 tet:
174 2142 247 2186 uam
262 2138 324 2204 per
344 2120 428 2184 haee
448 2098 506 2184 illa
517 2120 722 2183 miserationis
742 2128 774 2183 et
793 2127 889 2183 metus
910 2116 1087 2200 παθήματα
1107 2142 1181 2205 pur.

97 2231 161 2311 gari
181 2231 332 2293 dicuutur.
375 2228 549 2293 excitantur
571 2247 649 2309 ergo
669 2228 702 2290 in
730 2229 954 2309 spectatoribus
973 2229 1129 2293 miseratio
1152 2237 1183 2292 el

92 2338 189 2418 timor,
211 2338 282 2400 dum
303 2337 467 2423 tragoedia
487 2337 638 2418 insignem
659 2336 865 2399 calamitatem
887 2355 1076 2420 magnosque
1093 2339 1181 2401 labo·

21 2482 22 2519 η
85 2454 143 2508 'res
163 2453 218 2510 aut
236 2446 290 2508 roni
305 2445 452 2507 dramatis
479 2463 631 2525 personae
659 2451 714 2506 aut
734 2444 873 2526 pluribus
892 2445 984 2508 etiam
1005 2445 1182 2510 incumben-

97 2559 152 2617 tem
170 2555 223 2617 vel
243 2553 465 2635 impendentem
479 2552 612 2615 ostendit
633 2551 790 2633 oculisque
807 2551 874 2613 sive
894 2553 1096 2634 spectantium
1116 2553 1182 2615 sive

21 2668 22 2717 ἶ
95 2663 256 2745 legentium
292 2662 381 2745 quasi
415 2661 600 2741 explicatam
630 2659 760 2722 subiicit
812 2678 885 2722 uam
914 2660 984 2725 dum
1004 2660 1064 2741 ipsi
1084 2671 1182 2743 agunt

97 2771 142 2839 itti
160 2772 269 2855 qubus
289 2771 374 2833 mala
394 2768 552 2845 accidunt,
572 2762 650 2830 lraeo
672 2785 713 2830 ex
733 2766 905 2848 propinquo
925 2773 958 2830 et
976 2767 1133 2833 imminent
1152 2776 1186 2831 ot

21 3082 22 3133 3
130 3056 157 3127 2)
176 3056 328 3122 Lessingius
354 3054 385 3107 in
402 3054 607 3123 Dramoturgia
633 3053 784 3124 Hamburg.
807 3071 829 3104 e.
850 3054 893 3107 77.
921 3053 987 3107 dicit
1011 3056 1184 3108 Aristotelem

21 3146 22 3167 ¹
93 3150 96 3155 ’
199 3150 337 3204 τοιούτων
354 3167 386 3201 eo
405 3151 519 3201 consilio
538 3148 683 3217 scripsisse,
701 3157 733 3199 ut
752 3158 853 3201 metum
875 3151 1141 3222 misericordiamque
1157 3166 1186 3208 et

198 3263 292 3300 omnes
309 3247 412 3297 similes
434 3243 610 3316 affictiones,
630 3261 655 3293 v.
677 3261 699 3292 c.
719 3237 750 3296 τὸ
770 3243 990 3316 φιλάνθρωπον,
1009 3248 1115 3316 pnrgari
1135 3264 1185 3317 per

198 3339 365 3407 tragoediam
384 3340 554 3406 significaret.
590 3337 637 3389 sed
654 3336 727 3388 illud
745 3340 953 3411 φιλάνθρωπον
972 3339 1051 3411 (conf
1067 3359 1089 3392 c.
1105 3341 1146 3404 13,
1154 3344 1184 3408 2)

197 3453 288 3505 neque
308 3436 429 3506 πάθημα
448 3444 595 3504 estusque
614 3436 783 3505 purgatione
806 3443 876 3504 eget.
894 3435 977 3487 verbo
993 3436 1042 3488 viri
1063 3438 1183 3505 peracuti

200 3531 267 3582 haee
287 3531 417 3601 respicio:
434 3529 488 3581 “Er
514 3538 574 3598 sagt
597 3529 663 3579 aber
683 3529 820 3584 τοιούτων
846 3528 903 3581 uutl
920 3529 997 3582 nicht
1015 3530 1135 3598 τούτωνς
1155 3547 1184 3583 er

200 3636 259 3695 sagt
274 3627 364 3678 dieser
384 3624 441 3677 und
461 3624 652 3693 demisionem,
670 3625 727 3675 und
753 3624 828 3677 nicht
846 3625 920 3678 hlost
940 3625 1048 3678 dieser:
1069 3645 1114 3693 om
1131 3646 1182 3683 au.

199 3725 335 3792 seneigos,
355 3722 416 3773 dass
437 3739 466 3773 er
484 3730 564 3772 unter
584 3720 644 3771 dem
656 3720 765 3772 Mitleid
782 3720 860 3773 nieht
876 3719 949 3773 bloss
969 3722 1016 3774 das
1035 3725 1182 3792 cigentlieh

199 3827 365 3887 sogeuonnte
391 3816 514 3878 Mitleid,
536 3816 654 3868 sondern
679 3815 833 3886 [uberhaupt
859 3816 914 3868 alle
931 3816 1182 3890 philanthropiselre

199 3913 423 3984 Empfiuduugeu,
440 3931 470 3964 so
488 3912 538 3964 wie
557 3922 636 3964 uuter
654 3912 700 3963 der
716 3912 817 3964 Fureht
833 3913 909 3965 nieht
926 3912 1001 3966 bloss
1021 3915 1066 3968 die
1085 3917 1183 3968 Unlust

201 4009 267 4061 iiber
285 4010 331 4060 eiu
352 4027 402 4060 uus
421 4006 648 4060 beverstehendes
667 4008 770 4072 Uehel,
789 4009 907 4061 sondern
933 4010 1000 4061 auch
1019 4010 1080 4077 jede
1099 4009 1183 4062 demit

200 4104 352 4157 verwundte
377 4105 476 4156 Uulust
498 4142 503 4155 .
524 4140 530 4153 .
553 4142 559 4155 .
589 4100 739 4154 verstehe.’'
779 4104 900 4177 πάθημα
926 4114 967 4158 est
991 4104 1181 4178 perturbatio,

201 4199 479 4265 Leidenschnft‚
506 4198 601 4260 πάθος
618 4214 815 4270 quemcumque
843 4202 925 4254 animi
944 4201 1114 4254 allectionem
1132 4201 1181 4255 de-

203 4304 289 4349 notat.
