2892 4917
350 283 393 370 ou
413 279 617 349 nonnum
638 284 726 351 cin.
749 292 799 352 ιε.
821 286 851 369 o,
871 293 964 354 2-4.
1139 293 1202 357 <mc

97 468 166 545 15,
191 470 222 531 4,
255 462 400 545 τέταρτον
422 465 458 543 δὲ
478 463 513 533 τὸ
535 462 656 546 ὁμαλὸν
677 470 735 540 buo
756 472 855 536 traxit
884 472 1000 537 infelici
1029 473 1203 542 contectura

98 577 238 640 ductus:
259 595 330 641 nom
348 570 383 636 ro*
407 571 524 652 ὁμαλὸν
533 597 651 643 monum
665 579 745 660 (τῶν
759 577 862 659 ἠθῶν)
885 589 931 643 est
953 583 1119 663 proprium,
1138 604 1201 647 non

98 685 299 767 tragoediae.
339 704 397 750 nec
418 705 493 750 vero
515 679 636 763 ὁμαλὸν
656 706 715 770 pro
737 684 857 758 ἁπλοῦν
878 690 938 752 dici
951 690 1072 754 Graece
1092 697 1203 773 potest,

100 802 139 859 ut
162 796 293 859 Bubiios
314 797 482 861 victorium
502 781 550 861 ¹de
575 790 698 875 ὁμαλὸν
718 817 781 860 non
813 798 881 872 sine
900 817 994 864 cansa
1012 800 1201 865 dubitantem
1291 852 1294 858 .

100 905 335 987 reprebendens
358 906 554 971 existimavit.
602 906 654 988 qui
676 907 776 969 iocum
796 907 905 988 cepitis
932 912 982 986 td,
1005 890 1219 974 leconside„

100 1014 235 1092 raverit,
258 1005 399 1090 ἁπλοῦν,
430 1004 495 1076 οἷον
515 1016 548 1077 io
570 1014 707 1077 ordinem
739 1015 884 1096 redigere
905 1017 999 1095 votet,
1021 1015 1077 1085 sed
1099 1035 1201 1080 exem·

99 1123 226 1203 plorum
246 1122 430 1187 desiderium
461 1122 542 1187 bunc
560 1122 711 1188 bominem
741 1124 894 1206 abripuit,
915 1131 950 1189 ut
969 1144 1079 1190 nomen
1099 1125 1203 1209 quarti
1256 1139 1259 1146 ’

99 1229 230 1312 generis
249 1249 364 1311 ponere
384 1231 625 1295 oblivisceretur.

188 1337 263 1419 §.s
304 1330 488 1414 μάλιστα
508 1337 582 1414 μὲν
602 1326 674 1400 odo
695 1326 747 1398 ὅτι
760 1359 863 1399 αντα
885 1336 1203 1417 δεῒπειρᾶσθαι

99 1435 236 1522 ἔχειν,
256 1442 355 1505 εἰδὲ
384 1437 453 1524 μή,
483 1437 530 1504 τά
550 1442 733 1524 μέγιστα
762 1441 1049 1505 salubriora:
1075 1445 1202 1512 divisio-

100 1554 195 1617 nibns
230 1574 251 1616 e
281 1572 316 1615 se
351 1553 518 1635 propositis
549 1554 627 1617 duos
653 1554 795 1637 adiungit
822 1553 1053 1630 edmonitiones.
1096 1571 1202 1618 eorum

101 1662 193 1743 prior
216 1668 336 1743 spectet
357 1662 397 1725 ed
417 1668 524 1742 poetes
545 1662 725 1743 tragoedias
745 1663 932 1743 scripturos,
954 1661 1057 1724 altera
1077 1661 1201 1725 lectori-

99 1768 159 1832 bus
181 1770 233 1831 vel
262 1769 486 1849 spectatoribus
505 1767 634 1845 suadet,
653 1775 687 1831 ut
713 1768 793 1832 iuste
821 1767 993 1850 leuiterque
1024 1768 1063 1830 de
1086 1767 1201 1831 tabuiis

100 1876 238 1940 indicare
259 1875 365 1941 velint.
407 1874 509 1956 itaque
531 1876 600 1937 dnm
623 1883 733 1955 poetae
763 1875 973 1955 commendet,
996 1881 1030 1938 ut
1049 1874 1077 1938 is
1097 1875 1201 1939 omnic

12 2063 13 2070 ἵ
100 1983 220 2046 babere
239 1983 286 2062 (in
304 1981 489 2065 tragoediis)
511 1988 647 2060 conetur,
669 1982 718 2044 sin
740 1982 848 2056 miuus,
870 1981 1057 2064 gravissimo
1079 1988 1111 2044 et
1130 1983 1200 2063 piu-

100 2092 192 2165 rima,
214 2109 253 2152 ea
273 2090 439 2153 admonitio
457 2090 588 2154 ridicule
609 2098 701 2153 estet
721 2090 833 2172 inanis,
855 2090 986 2153 ridicula
1004 2096 1134 2171 propter
1151 2089 1199 2153 ni-

101 2199 195 2262 miam
212 2199 337 2288 benigni
357 2199 499 2280 magistri
519 2198 709 2275 facilitatem,
731 2197 832 2261 inanis
845 2198 928 2280 quod
940 2216 1018 2288 quae
1039 2198 1100 2260 sint
1123 2216 1199 2281 gra-
1328 2187 1334 2205 '

103 2306 232 2369 vissimo
253 2326 316 2369 non
335 2306 515 2388 explicatur.
538 2325 600 2369 non
612 2306 712 2369 minus
732 2308 820 2383 mira,
844 2326 883 2368 ne
903 2307 1003 2369 dicam
1022 2304 1138 2386 inepto,
1152 2309 1216 2376 est,

102 2412 232 2495 querela
252 2412 307 2474 illa
328 2399 430 2480 ἄλλως
445 2430 478 2470 τε
495 2409 549 2471 καί
569 2406 612 2481 ὥς
626 2411 691 2470 ’νῦν
714 2409 946 2493 συκοφαντοῦσι
965 2404 1038 2482 τούς
1060 2407 1198 2490 ποιητάς,

102 2518 193 2600 quusi
223 2518 380 2595 tudiciis,
409 2522 546 2582 cumei
578 2519 678 2581 anob
711 2493 782 2580 wie
812 2537 900 2581 mon
927 2516 1198 2599 jetntbiuter

102 2627 178 2689 deu
209 2645 346 2689 ermen
366 2627 569 2692 Dicbtern
597 2629 670 2690 her
689 2629 756 2691 ist
799 2627 953 2691 sedboec
972 2628 1105 2709 prodere
1123 2627 1198 2691 mibi

102 2735 249 2798 ridentur
270 2736 451 2817 disciplinae
472 2737 694 2818 Peripateticae
715 2738 868 2799 alumnum
890 2738 1039 2817 quendam
1056 2737 1097 2800 ad
1116 2736 1199 2800 Aca-

103 2844 237 2908 demicos
268 2845 330 2926 (ilii
351 2847 489 2909 Platonis
510 2845 649 2926 exemplo
681 2849 789 2926 poetes
823 2845 857 2907 in
889 2844 994 2908 multis
1014 2844 1198 2926 saepiusque

102 2957 215 3020 iniuste
234 2961 265 3017 et
285 2954 453 3037 speciosius
473 2974 565 3038 quom
584 2954 688 3022 verius
704 2952 985 3036 reprehendebant)
1009 2952 1146 3037 maligne
1166 2960 1199 3017 et

102 3063 255 3128 invidiose
274 3065 495 3145 respicientem.

182 3166 351 3232 δίκαιον
378 3170 418 3233 δὲ
446 3171 516 3232 καὶ
540 3173 606 3238 κτλ.
648 3172 726 3236 hoec
747 3172 789 3236 ad
808 3172 942 3255 priorem
963 3172 1050 3235 illam
1071 3170 1197 3237 divisio-

103 3298 181 3360 nem,
202 3280 366 3343 secumdum
397 3298 488 3362 quam
516 3279 681 3360 tragoedia
711 3272 798 3338 δέσει
831 3285 863 3339 et
882 3272 973 3338 λύσει
1003 3277 1197 3358 continetur,

102 3393 254 3471 spectent
297 3406 405 3450 moneo
426 3405 516 3471 quem
548 3386 624 3449 dure
643 3382 737 3444 τοῦτο
759 3381 881 3443 δὲ·καί
900 3376 989 3452 λύσις
1012 3382 1195 3464 interantur.

98 3487 218 3560 iustum
250 3496 400 3560 sennonis
430 3495 583 3560 vinculum
603 3492 711 3556 deest:
742 3492 878 3555 membra
898 3492 1022 3573 singula
1042 3493 1119 3555 mire
1139 3492 1197 3555 ad-

101 3597 480 3666 nectunturzdeicucovdd
567 3597 719 3672 ¹roirod‘e'
800 3599 912 3665 πολλοὶ
931 3597 975 3659 δὲ
1074 3596 1195 3660 δεῖδὲ.

103 3711 180 3794 quid
200 3711 330 3793 denique
351 3714 459 3774 volunt
481 3709 540 3774 sibi
559 3707 613 3769 δεῖ
629 3706 666 3767 δὲ
687 3698 786 3789 ἄμφω
807 3696 859 3765 ἀεὶ
878 3703 1084 3785 κροτεῖσθαιῖ
1124 3726 1197 3771 num

105 3820 174 3900 boc,
196 3820 308 3883 bonnm
334 3820 570 3902 implicationem
603 3818 783 3906 bonamque!
797 3816 979 3882 solutionem
1009 3812 1196 3878 laudandum

105 3930 199 3992 ossei
240 3928 329 3991 immo
351 3927 448 3989 verba
466 3924 690 3988 bencofferunt
709 3922 900 3999 sententiaro,
923 3921 1034 3982 bonam
1056 3920 1196 4000 impiica-

104 4037 220 4099 tionem
252 4040 284 4095 et
311 4033 424 4096 molam
460 4031 643 4112 solutionem
683 4046 804 4111 semper
838 4026 981 4092 laudibus
1007 4045 1195 4111 prosequen·
1282 4091 1286 4104 ,

104 4142 174 4205 dam
197 4159 274 4205 esse.
699 4187 703 4195 .

180 4247 209 4330 §.
233 4252 262 4312 t
309 4240 390 4332 χρὴ
424 4238 779 4328 δὲ·τραγῳδιάν;
811 4254 893 4305 nune
919 4239 1037 4303 demum
1060 4239 1191 4303 reverti-
