2892 4917
222 355 266 402 ru
620 342 920 412 vederanionis

220 511 260 608 21
282 551 314 607 et
333 527 384 608 22.
416 547 501 610 conf:
531 565 605 629 pag.
627 545 702 622 vna
734 548 800 631 lpse
824 553 942 633 punice
962 527 1147 632 agnoverit,
1175 549 1329 636 illamque

219 678 258 741 de
274 679 407 742 dictione
431 679 666 762 disputationem
689 683 721 746 ln
741 683 866 748 Poetica
888 703 945 749 sua
965 684 1154 766 propositam
1175 685 1326 750 declara·
1431 765 1436 773 .

218 812 308 878 verit
351 789 634 879 consentit'nomen
654 814 953 898 (coepiscopantes),
976 818 1120 882 convenit
1141 820 1249 902 operis
1271 838 1326 884 ar·
1363 821 1367 826 ’

218 949 402 1029 gumerium.

189 1158 194 1170 ,
306 1083 419 1144 Verum
443 1082 523 1144 enirn
536 1100 611 1145 nero
631 1081 830 1146 siPoeticam
850 1084 971 1165 qualem
992 1071 1049 1146 nos
1069 1084 1202 1168 legimns
1224 1085 1326 1166 paulo

217 1216 389 1278 accuratius
413 1216 649 1298 inspexerim,
681 1235 789 1280 rursus
820 1220 914 1300 plura
936 1220 1100 1281 occurrunt
1120 1235 1200 1301 quac
1223 1217 1325 1281 olien-

218 1347 298 1410 sioni
319 1349 454 1413 obnoxia
477 1351 650 1415 videantur.
703 1351 845 1414 nimirum
871 1370 933 1414 non
953 1349 1100 1414 habemus
1119 1349 1199 1414 dnos
1219 1351 1324 1414 libros

217 1481 400 1565 sedunum,
422 1487 453 1546 et
473 1483 554 1546 hunc
574 1485 673 1565 ipsum
693 1483 772 1547 adeo
793 1489 927 1564 carnum,
957 1489 991 1546 ut
1011 1479 1129 1547 vinad
1152 1482 1228 1547 lieri
1250 1495 1319 1546 mo*-

216 1616 277 1677 lem
300 1621 332 1678 et
352 1617 496 1680 ambitum
512 1616 675 1699 adspirare
697 1617 805 1701 possit.
850 1635 996 1700 quocum
1019 1585 1145 1681 accedat
1167 1622 1202 1680 nt
1222 1616 1321 1680 tertia

217 1750 285 1811 iere
304 1748 394 1812 huius
424 1749 524 1813 libelli
554 1767 628 1833 pars
649 1750 689 1815 ad
723 1748 818 1814 alium
840 1756 995 1814 auctorem
1017 1749 1181 1813 referenda
1200 1748 1264 1828 sit,
1286 1748 1320 1811 id

217 1879 297 1965 quod
332 1882 495 1946 luculentis
526 1883 717 1967 argumentis
748 1882 781 1947 in
812 1878 1053 1947 Commentario
1083 1901 1151 1946 meo
1184 1881 1319 1964 primum

216 2015 365 2098 probavi,
386 2035 461 2080 sanc
484 2015 573 2079 huius
594 2016 752 2099 opusculi,
782 2017 862 2099 quod
889 2017 941 2079 vel
963 2017 1009 2079 sic
1032 2018 1150 2079 avulsis
1170 2017 1318 2097 turpibus

215 2149 284 2213 istis
304 2150 426 2213 laciniis
445 2169 520 2212 vere
543 2168 667 2214 aureum
688 2131 826 2232 ⁴apparet
850 2157 881 2213 et
911 2150 1112 2213 clarissimum
1136 2147 1252 2212 snmrni'
1268 2149 1318 2211 inss·

216 2284 301 2367 genii
317 2281 531 2347 'documentum
555 2284 715 2366 splendet,
744 2301 855 2365 eorpus
876 2284 922 2346 ita
944 2283 1125 2362 marcescit,
1146 2287 1181 2346 nt
1203 2301 1244 2346 ex
1266 2279 1317 2345 int

213 2423 303 2502 tegno
332 2437 425 2500 opere
451 2418 506 2486 vix
524 2418 617 2481 tertia
639 2418 691 2481 vel
722 2422 834 2501 quarta
863 2436 938 2499 pars
966 2436 1128 2497 superesse
1148 2416 1314 2480 videatur:

212 2552 367 2634 integrum
388 2558 489 2615 autem
510 2551 541 2613 id
566 2547 731 2634 aliquando
752 2549 924 2628 exstitisse,
946 2550 978 2612 h.
991 2568 1017 2613 e.
1042 2550 1081 2613 ab
1103 2549 1228 2613 auctore
1249 2551 1314 2612 non

215 2684 313 2746 solum
333 2682 509 2745 inchoatum
530 2681 585 2743 sed
609 2682 700 2745 etiam
720 2681 762 2745 ad
782 2682 874 2744 linem
901 2681 1080 2764 perductum
1105 2700 1194 2760 esse,
1214 2680 1316 2762 ipsius

213 2814 389 2877 testimonia
421 2833 462 2877 ex
483 2809 675 2878 Rhetoricis
709 2831 805 2896 snpra
828 2801 952 2897 prolata
972 2801 1087 2877 etalio
1107 2813 1221 2876 indicia
1242 2830 1317 2877 mox

213 2947 414 3031 proponenda
437 2947 656 3010 demonstrent.
705 2964 786 3030 erpo
813 2950 945 3011 nonnisi
973 2943 1143 3030 particulo
1163 2964 1211 3008 en
1230 2948 1316 3010 caleb

210 3097 276 3164 pro
296 3081 384 3144 ortis
418 3081 571 3162 poettcne
598 3077 827 3163 explicatione
854 3077 950 3143 nodis
983 3069 1107 3143 relicto
1127 3084 1189 3143 cst.
1234 3069 1316 3161 qnae

207 3213 439 3288 interciderint,
468 3212 581 3293 partim
603 3229 643 3275 ex
666 3213 727 3275 hoc
748 3212 816 3294 ipso
838 3212 982 3276 Poeticae
997 3214 1172 3294 fragmento
1201 3213 1316 3292 partim

215 3365 256 3411 ex
271 3347 342 3411 aliis
366 3346 455 3410 libris
468 3345 646 3409 Aristotelis
661 3346 852 3428 aliorumque
871 3346 1055 3427 scriptorum
1069 3345 1208 3410 indicare
1227 3344 1312 3408 lieet.

216 3480 320 3544 statim
342 3480 421 3563 quod
443 3481 475 3542 in
507 3478 610 3561 operis
630 3477 783 3560 principio
805 3478 884 3540 artis
913 3478 1053 3558 poeticae
1073 3476 1224 3540 rationem
1245 3477 1315 3538 uni-

215 3631 309 3675 uerse
333 3631 367 3675 se
386 3605 607 3695 explicaturum
638 3611 732 3672 etde
755 3610 888 3693 singulis
908 3609 1042 3673 eiusdem
1062 3610 1170 3672 formis
1192 3610 1317 3673 absolu-

214 3739 314 3818 tnrum
335 3748 517 3828 profitetur,
551 3746 686 3828 priorem
707 3743 881 3840 argumenti
898 3739 1048 3825 propositi
1069 3744 1174 3805 loemn
1191 3748 1313 3824 pertra-

214 3880 310 3943 ctavit
344 3899 370 3941 c.
392 3881 485 3960 1-5,
506 3881 638 3943 alterumn
659 3896 735 3942 vero
762 3845 972 3959 imperfectum
993 3875 1135 3958 reliquit,
1158 3894 1224 3937 cnm
1245 3881 1312 3937 tra-

215 4013 355 4095 goediam
378 4012 498 4095 quidem
527 4011 731 4092 explicaverit
753 4015 785 4071 et
812 4010 851 4071 de
873 4010 1028 4093 epopoeia
1042 4027 1142 4090 pauca
1161 4007 1312 4090 quaedam

213 4146 382 4223 monuerit,
412 4144 465 4208 scd
486 4145 537 4208 -de
561 4142 719 4208 comoedia
751 4148 783 4205 et
806 4143 1027 4220 dithyrambis·
1045 4141 1205 4224 nonrisque
1233 4137 1311 4202 nihil

178 4355 180 4360 Ι
211 4278 294 4364 Διιιιιιιί
315 4296 429 4362 operae
462 4279 593 4360 pretium
623 4284 706 4342 esset
738 4277 894 4355 adoleuit,
922 4293 1110 4360 quamquam
1137 4273 1311 4339 uberiorem
1367 4266 1373 4274 ’
1436 4261 1437 4284 ’
