2892 4917
415 275 532 387 nuri
549 318 831 391 numurus:
993 420 995 423 y
1122 330 1221 404 ss

84 504 205 590 όμοιον·
223 506 320 569 τοῦτο
339 500 400 587 γάρ
415 504 522 586 ἕτερον
543 506 600 568 τοῦ
621 499 760 586 χρηστόν
777 500 812 567 τό
839 492 918 585 η’θος
937 503 994 563 καί·
1012 497 1166 584 ἁρμόττον

84 626 220 706 ποιῆσαι,
243 616 349 704 οἵσπερ
380 617 514 703 είρηταιζ
565 624 715 704 τέταρτον
734 620 770 683 δὲ
789 616 826 683 τό
849 613 986 699 ὁμαλόν·
1027 612 1085 682 κάν
1104 616 1194 702 χάρη

83 733 244 817 α’νάμαλός
267 761 316 813 τις
343 728 367 823 ᾗ
394 733 410 801 ὃ
438 733 494 819 την
517 739 651 820 μίμησιν
675 738 826 817 παρέχων
851 732 908 799 καί
927 734 1068 800 τοιοῦτον
1086 728 1167 817 ἦθος

83 850 254 937 ν’ποτιθτίς,
275 846 362 935 ὅμως
383 850 510 933 ὁμαλοῦς
525 846 693 932 άνιόμαλον
712 853 766 915 δεῖ
780 845 874 915 εἶναι.
916 827 982 916 din
1004 853 1041 915 δὲ
1061 847 1194 933 nacci-5

65 972 191 1052 5ίειημα
215 966 367 1054 πονηρίας
386 971 446 1049 μὲν
466 962 568 1054 ἤθους
587 967 632 1052 μη
652 968 822 1050 α’ναχκαῖον
842 960 908 1032 οἷον
928 963 944 1030 ὃ
962 971 1129 1042 Μενέλαος
1149 964 1167 1027 ό

84 1086 115 1150 ἕν
131 1088 171 1173 τῷ
185 1084 339 1171 Ὀρέστη,
368 1084 427 1148 τοῦ
445 1086 483 1148 δὲ
508 1053 670 1167 άπρόποῦς
695 1080 751 1146 καί
776 1081 821 1166 μὴ
855 1081 1063 1166 ἁρμόττοντος
1090 1076 1109 1145 ό
1134 1105 1168 1145 τε

84 1204 195 1285 θρῆνος
214 1201 389 1289 Ὀδυσσέως
421 1199 456 1264 ἐν
478 1202 519 1287 τῇ
538 1197 661 1285 Σκύλλῃ
682 1197 738 1278 καί
757 1196 776 1283 ἦ
797 1200 854 1282 τῆς
877 1198 1090 1282 Μελανίππης
1110 1193 1168 1282 ῥῆ.

85 1340 137 1399 οις,
149 1320 210 1381 τοῦ
224 1318 260 1380 δὲ
275 1311 478 1401 άνωμάλουῆ
497 1312 662 1381 ἑνΑτίλίδι
681 1308 860 1399 Ἰφιγένεια·
881 1315 975 1379 ου’όὲν
988 1312 1049 1400 γάρ
1070 1313 1170 1379 ἔοικεν

84 1430 303 1516 ἦλιιετεόουοοι
321 1434 359 1519 τῇ
378 1431 506 1521 άστὲρηι.
556 1428 621 1517 χρη
644 1432 680 1494 dd
700 1432 757 1494 καί
775 1433 810 1496 ἒν
830 1438 897 1506 τοῖς
917 1425 1040 1514 ἤθεσιν,
1060 1427 1197 1518 άοπερό

54 1552 132 1615 loxos*
151 1552 186 1613 όν
207 1551 244 1636 τῇ
263 1553 326 1613 τιόν
344 1547 540 1633 πραγμάτων
561 1543 731 1630 συστάσει,
763 1546 816 1612 αἰί
846 1552 949 1635 ζητεῖν
972 1542 996 1633 ἢ
1016 1546 1051 1613 τό
1071 1549 1169 1631 ‹iacy-

83 1673 165 1730 κοῖον
190 1658 270 1751 ἢτό
300 1660 380 1740 εἰκός
392 1712 403 1743 ,
436 1660 518 1730 ὥστε
549 1660 605 1729 τόν
635 1666 774 1729 τοιοῦτον
800 1663 841 1728 τά
869 1667 1005 1730 τοιαῦτα
1024 1657 1169 1747 λέγεινῆ

83 1777 226 1864 πράττειν
259 1775 282 1866 ἢ
306 1780 479 1865 άναχκαῖον
512 1775 655 1866 ἢείκός,
678 1778 734 1844 καί
759 1781 852 1844 τοῦτο
870 1778 952 1862 μετά
978 1784 1072 1845 τοῦτο
1088 1780 1170 1871 ηιίνε·

83 1891 199 2008 ptati}
225 1899 394 1982 οἷναχιιαῖσν
413 1891 434 1982 ἢ
456 1895 548 1972 εἰκός.
604 1895 744 1983 φανερόν
765 1890 822 1961 οὖν
842 1892 891 1962 ὅτι
911 1898 966 1962 καί
987 1895 1043 1976 τάς
1061 1896 1195 1986 λάσιιςη

20 2037 21 2110 3
83 2017 141 2080 τάν
166 2014 280 2097 μόθων
309 2017 344 2092 ἐξ
375 2017 475 2080 αάτοῦ
507 2016 560 2078 δεῖ
584 2018 642 2080 τοῦ
670 2011 779 2095 μόθου
803 2017 1008 2096 συμβαίνειν,
1035 2013 1093 2078 καί
1121 2012 1167 2098 μη

20 2177 22 2208 ‚
54 2125 184 2214 ildoncp
208 2132 242 2194 ἒν
264 2130 305 2218 τῇ
328 2133 459 2218 Μηδείᾳ
479 2129 542 2194 dud
563 2132 708 2214 μηχανῆς
728 2133 785 2195 καί
804 2131 887 2218 σ’ντῇ
902 2124 1014 2196 Ἰλιάδι
1034 2129 1073 2196 τά
1095 2129 1171 2214 περί

83 2244 131 2311 τόν
150 2243 329 2312 ἀπόπλουν·
371 2245 452 2313 α’λλά
472 2249 600 2334 μηχανῇ
616 2251 773 2331 χρηστέον
792 2246 846 2312 ἐπὶ
865 2244 905 2312 τά
927 2243 989 2325 ἔξω
1009 2247 1068 2311 τοῦ
1089 2243 1166 2327 δρά-

146 2483 187 2536 16.
200 2482 356 2557 ἀπόπλουν]
367 2482 510 2539 ἀνάπλουν
518 2441 757 2545 Perisiensis2038,
771 2477 879 2539 άπλοῦν
889 2481 924 2554 Q,
938 2479 1047 2539 άπλσῦν
1058 2482 1165 2535 oscena

144 2580 280 2633 etuxlv
300 2581 334 2634 21
354 2588 383 2632 et
396 2580 421 2632 L
439 2587 467 2632 ct
483 2579 584 2643 Aldus,
608 2577 697 2636 πλοῦν
720 2578 751 2630 Μ
772 2577 814 2631 16.
1174 2573 1176 2576 ’

84 2798 134 2860 les:
152 2800 213 2863 hoc
231 2802 314 2862 enim
341 2799 425 2861 aliud
446 2809 540 2884 atque
560 2801 661 2861 bonos
685 2823 789 2862 mores
819 2810 852 2863 et
873 2812 962 2883 aptos
985 2803 1106 2879 lacere,
1126 2813 1163 2864 ut

82 2899 189 2962 dictum
211 2912 266 2964 est.
320 2910 467 2985 quartum
489 2923 565 2963 vero
587 2910 623 2962 ut
642 2900 699 2962 sihi
723 2910 888 2965 constent:
911 2903 1027 2963 etenim
1049 2926 1161 2985 quam-

82 3000 120 3060 vis
138 3003 310 3063 inconstans
331 3001 369 3062 sit
389 3002 442 3084 qui
460 3000 669 3063 ¹imitationem
690 3001 822 3083 praebet
842 3011 874 3063 et
893 3001 1044 3063 eiusmodi
1056 3024 1160 3064 mores

82 3103 258 3184 suppeditat,
279 3110 381 3163 tamen
405 3109 585 3163 constanter
606 3101 833 3163 inconstantem
854 3124 917 3163 esse
939 3112 1077 3184 oportet.
1114 3111 1161 3164 est

82 3212 173 3263 antem
197 3201 354 3284 exemplar
380 3201 544 3283 pravitatis
568 3223 693 3263 morum
718 3201 801 3262 haud
833 3204 1039 3262 necessarium
1060 3204 1158 3286 qualis

81 3302 223 3363 Menelaus
244 3302 275 3362 in
297 3302 429 3379 Oreste,
450 3323 563 3363 eorum
586 3303 641 3385 qui
672 3302 801 3363 absurdi
820 3311 852 3363 ct
873 3324 935 3363 non
956 3302 1021 3383 apti
1041 3305 1157 3363 lamen·

82 3402 148 3462 tatio
170 3402 266 3463 Ulixis
288 3402 318 3461 in
341 3400 442 3485 Scylla
470 3411 503 3462 ct
523 3402 718 3485 Melanippae
749 3402 872 3479 oratio,
893 3424 1003 3463 eorum
1024 3404 1078 3485 qui
1094 3404 1157 3476 ,sitsi

82 3520 135 3561 non
154 3510 297 3564 constant
316 3500 473 3584 Iphigenia
496 3502 686 3564 Aulidensis:
705 3526 777 3563 nam
801 3525 881 3586 quae
901 3504 1056 3585 supplicat
1079 3505 1156 3565 nihil

41 3647 44 3658 .
81 3600 170 3664 similis
189 3604 319 3665 videtur
335 3603 367 3684 ei
385 3625 465 3686 quac
486 3614 593 3684 postea
616 3614 670 3665 est.
688 3603 779 3665 decet
792 3613 895 3668 autem
916 3604 1008 3665 etiam
1031 3605 1061 3664 in
1083 3626 1155 3665 nno.

82 3701 166 3784 ritus,
187 3714 224 3765 ut
247 3703 279 3764 in
294 3704 451 3763 factorum
464 3702 704 3784 compositione,
721 3724 844 3785 semper
865 3703 976 3764 sectari
989 3704 1052 3765 sive
1067 3707 1154 3787 quod

81 3805 269 3866 necessarium
297 3803 361 3864 sive
391 3801 479 3887 quod
500 3802 684 3880 verisimile,
705 3814 741 3864 ut
768 3803 863 3865 talem
883 3803 956 3865 talia
978 3803 1084 3867 dicere
1106 3808 1153 3868 vel

72 3889 167 3965 vlacere
186 3905 251 3967 sive
278 3903 486 3965 necessarium
513 3902 577 3965 sive
597 3902 763 3965 verisimile
788 3903 847 3983 sit,
875 3913 972 3987 utque
999 3903 1062 3966 hoc
1082 3915 1154 3986 post

79 3997 141 4063 illud
160 4005 229 4067 lieri
248 4004 313 4065 sive
334 4004 538 4065 necessarium
558 4002 622 4067 sive
643 4003 808 4065 verisimile
834 4004 884 4065 sit.
927 4003 1032 4088 itaque
1051 4006 1152 4065 mani-

78 4097 174 4165 festum
194 4114 240 4167 est
261 4104 355 4172 etiam
375 4104 545 4165 solutiones
566 4104 744 4165 fabularum
768 4125 805 4167 ex
829 4105 893 4187 ipsa
915 4104 1018 4165 fabula
1038 4104 1152 4166 debere

78 4202 264 4287 contingere,
286 4212 319 4265 et
338 4225 403 4264 non
424 4204 515 4265 sicuti
537 4203 569 4263 in
592 4201 701 4264 Medea
730 4223 766 4264 ex
786 4204 930 4265 machina
951 4214 982 4266 et
1002 4205 1033 4264 in
1057 4204 1151 4266 Iliade

79 4319 144 4381 quoe
160 4305 322 4387 pertinent
350 4304 389 4365 ad
420 4304 600 4367 discessum:
628 4300 681 4364 sed
710 4303 853 4367 machina
884 4304 1034 4377 utendum
1063 4305 1149 4365 iniis

929 4420 951 4487 3
1021 4441 1027 4446 ,
