2892 4917
268 325 331 384 aaa
648 313 973 398 eornrnnranrvs

265 501 452 567 incumbunt.
495 500 588 564 etiam
609 499 687 563 illud
700 520 721 563 a
743 506 835 581 poeta
850 502 982 584 tragico,
1004 498 1127 584 siquid
1149 500 1260 562 deceat
1279 496 1363 561 hard

265 613 402 694 ignorat,
424 610 618 692 prospicitur,
642 616 676 673 ut
698 609 858 672 calamitas
877 627 940 670 non
952 614 1015 670 tam
1034 607 1155 689 flagitio
1169 605 1221 667 vel
1241 604 1362 682 scelere

268 717 440 781 adducatur
462 734 553 797 quam
575 732 682 779 errore
702 714 835 797 prodam
862 716 915 777 rel
933 713 1052 777 leuiore
1074 720 1201 795 peceato
1220 720 1361 794 parcan.

265 822 613 904 rid.a13t§.2et8.
663 824 776 886 etenim
807 823 848 887 ad
879 821 1106 886 miserationem
1128 822 1302 909 requiritur
1329 829 1362 885 ut

265 935 473 998 calamitatem
504 951 595 1015 quam
622 932 690 1015 quis
720 932 892 1014 perpetitur
911 950 972 997 non
1002 931 1124 994 omnino
1147 930 1364 993 commemmit

259 1042 296 1104 is
317 1041 403 1102 errius
418 1039 603 1109 miseremur.
646 1036 752 1120 itaque
773 1037 855 1100 actio
874 1036 997 1119 tragica
1010 1038 1112 1101 emnia
1134 1039 1272 1102 conduct
1294 1038 1367 1122 qui-

267 1149 324 1212 dus
346 1166 423 1228 opus
444 1149 551 1211 estad
572 1150 816 1211 σιὶεσνσείσκσπι
837 1148 874 1210 dn
893 1143 988 1213 nodis
1010 1148 1232 1213 excitandam
1264 1166 1362 1231 porro

266 1256 293 1318 si
315 1254 452 1318 honrines
472 1257 505 1318 in
525 1256 695 1337 tragoediis
715 1255 767 1337 qui
780 1255 1126 1337 producunturproptcr
1145 1262 1278 1336 peccata
1300 1275 1363 1320 nen

266 1364 427 1427 admodum
460 1364 593 1445 graviat
608 1372 639 1425 et
671 1369 799 1445 propter
830 1362 981 1427 humanae
1019 1364 1204 1429 infirmitatis
1234 1382 1361 1437 errores

266 1472 388 1536 acerbis
409 1471 561 1533 adversae
582 1472 726 1533 fortunae
747 1469 851 1552 plagis
865 1470 965 1553 affligi
986 1471 1132 1552 ridemus,
1152 1472 1287 1554 drnnquc
1308 1491 1362 1536 re-

155 1572 157 1575 ’
264 1581 425 1645 cordamur
446 1585 478 1640 et
509 1597 567 1640 nos
588 1578 725 1640 homines
757 1596 825 1640 csse
853 1578 1035 1662 humanique
1066 1580 1190 1662 generis
1220 1581 1309 1644 vitiis
1333 1587 1363 1643 et
1436 1586 1437 1597 ¹

264 1690 420 1752 erroribus
442 1688 602 1762 obnoxios,
623 1694 686 1748 tom
705 1705 746 1748 ne
759 1687 847 1749 nobis
865 1688 944 1750 idem
966 1689 1050 1770 quod
1068 1688 1164 1750 oculis
1186 1689 1362 1770 expositum
1437 1752 1438 1773 ρ

265 1803 312 1860 cst
332 1796 383 1857 vel
398 1794 496 1857 simile
518 1794 668 1877 quoddam
688 1793 887 1857 infortunium
903 1797 1032 1877 accidat
1056 1797 1163 1862 timere
1184 1797 1358 1878 incipimua
1437 1786 1438 1795 ¹

264 1905 367 1985 itaque
381 1902 532 1983 tragicam
545 1905 694 1968 sadonem
710 1910 884 1986 spectantes
896 1910 927 1966 et
937 1906 977 1968 ob
990 1905 1088 1968 nestri
1102 1912 1133 1968 at
1144 1907 1239 1968 totins
1251 1907 1361 1970 mnia

265 2013 298 2074 ni
313 2013 437 2094 generis
459 2021 571 2075 sortem
584 2021 665 2074 metu
677 2012 807 2094 quodam
828 2012 993 2093 tangimur.
1018 2011 1262 2076 adhucdiximua
1285 2032 1361 2096 quo-

265 2123 355 2184 modo
370 2141 427 2203 per
440 2121 632 2204 tragoediam
646 2121 803 2184 miseratio
818 2126 849 2182 ct
864 2128 962 2182 metus
982 2124 1173 2186 excitetur:
1198 2123 1361 2203 explican-
1438 2100 1439 2121 ἶ

266 2231 337 2292 dum
357 2236 465 2305 restat
486 2248 546 2311 qua
578 2229 699 2291 ratione
722 2229 869 2290 mnsmodi
898 2228 1147 2309 perturbationes
1167 2235 1361 2311 perperatur.

264 2341 393 2422 primum
406 2339 564 2423 quaeritur
578 2339 648 2421 quid
663 2340 703 2401 sit
717 2331 875 2415 κάθαρσις
886 2332 1091 2417 παθημάτων.
1113 2358 1176 2401 uon
1191 2357 1261 2401 esse
1285 2359 1361 2404 ena-

262 2451 331 2511 dom
345 2467 383 2511 ac
403 2445 591 2524 καθαίρεσιν
605 2449 656 2508 vel
669 2446 833 2522 α’ναίρεσιν
848 2464 951 2526 perse
972 2453 1072 2527 patet:
1090 2446 1181 2510 immo
1197 2440 1361 2524 κάθαρσις
1439 2488 1440 2493 1

264 2565 311 2618 est
326 2576 364 2619 ea
377 2555 535 2619 affectuum
553 2555 646 2616 animi
664 2555 881 2631 conformatio,
903 2561 937 2615 ut
956 2573 1044 2617 omne
1069 2555 1192 2618 nimium
1216 2564 1249 2618 et
1270 2575 1362 2619 omne

263 2666 345 2749 quod
364 2662 539 2746 perturbat
557 2664 692 2725 animum
712 2670 902 2745 mentemque
922 2664 1085 2727 humanam
1106 2665 1177 2727 inde
1196 2683 1360 2729 removea-

261 2781 323 2836 tur.
363 2773 446 2834 -hane
472 2792 540 2834 esso
571 2789 678 2839 veram
699 2770 832 2833 nominis
861 2772 1112 2852 significationen
1133 2779 1164 2834 et
1185 2772 1275 2835 liuius
1299 2774 1362 2835 loci

262 2883 345 2947 ratio
367 2890 398 2943 ct
416 2882 496 2945 alius
524 2882 557 2943 in
579 2880 757 2942 Aristotelis
780 2877 935 2943 Politicis
964 2881 1066 2961 (vili,
1079 2886 1109 2944 7.
1130 2901 1161 2963 p.
1176 2887 1260 2945 1342
1275 2902 1303 2945 a
1320 2889 1360 2945 11

265 2997 296 3053 et
317 2990 371 3069 14)
393 2990 536 3052 ostendit.
587 2990 691 3071 itaque
717 3008 779 3050 non
802 2989 833 3050 id
858 2990 926 3070 agit
952 2991 1125 3070 tragoedia,
1148 2998 1181 3052 ut
1200 2992 1361 3055 miseratio

264 3106 296 3160 ct
316 3104 413 3159 metus
437 3095 607 3159 exanimis
638 3097 754 3158 nostris
785 3097 954 3175 tollantur,
976 3098 1029 3159 sed
1058 3103 1093 3160 ut
1112 3099 1206 3161 nimia
1226 3106 1362 3180 periur-

264 3202 374 3270 beutis
398 3206 554 3268 cuiusdam
576 3203 783 3266 miserationis
814 3210 970 3287 metusque
992 3205 1039 3267 vis
1069 3211 1100 3267 ct
1119 3206 1250 3287 impetus
1271 3210 1362 3271 fran-

266 3323 359 3397 gatur
384 3315 421 3394 3).
463 3314 495 3377 id
517 3314 667 3395 quomodo
689 3333 709 3376 a
730 3313 895 3396 tragoedia
921 3315 1098 3394 perficiatur
1120 3315 1290 3380 rideamus,
1335 3315 1361 3379 si

265 3426 337 3487 talis
361 3431 408 3487 est
441 3423 599 3486 miseratio
621 3427 731 3484 nostra
756 3428 928 3503 metuisque,
947 3430 982 3483 ut
1001 3430 1129 3503 propter
1150 3424 1362 3488 calamitatem

268 3533 420 3595 immerito
435 3532 527 3594 alicui
539 3530 727 3592 accidentem
740 3529 861 3591 nonnisi
875 3548 1004 3611 gravem
1019 3537 1051 3592 et
1065 3531 1207 3593 acerbum
1222 3531 1363 3595 dolorem

261 3643 434 3729 secedamus
452 3640 599 3722 simulque
613 3638 767 3701 humiliter
783 3645 814 3700 ct
826 3637 1021 3701 vehementer
1032 3646 1199 3702 mauranus
1210 3657 1253 3702 ne
1272 3640 1364 3704 nobis

302 3980 332 4053 3)
351 3979 424 4031 Bene
441 3980 587 4030 Raumerus
606 3977 624 4028 L
645 3974 665 4027 l.
687 3975 839 4047 pag.134.:
862 3974 941 4029 “Die
961 3978 1112 4047 Reinigung
1129 3979 1166 4031 iat
1183 3979 1363 4050 keineswegr‚

371 4076 422 4128 wie
442 4073 531 4141 einige
552 4071 682 4141 gedentet
700 4071 800 4135 haben,
819 4072 880 4124 eine
892 4073 1077 4143 Vernichtung
1094 4074 1144 4127 cler
1164 4075 1363 4128 Leidensehaf-

371 4178 440 4234 ten,
470 4167 587 4220 sondern
608 4204 615 4217 .
636 4203 642 4216 .
663 4203 670 4217 .
690 4168 779 4223 ..eine
805 4166 979 4237 Hinfiihrnng
1005 4170 1055 4223 ani
1077 4170 1125 4225 dar
1146 4171 1282 4238 Mittlere,
1310 4173 1364 4226 mit

374 4262 597 4334 dussehlieasung
617 4262 665 4315 des
682 4280 715 4314 zu
732 4263 786 4319 rici
803 4262 860 4318 und
879 4280 911 4315 zu
931 4264 1025 4334 menig.
