2892 4917
241 305 306 368 2⁰⁴
630 283 956 362 OOHMMAWS

242 506 280 549 eo
302 484 355 568 qui
374 482 449 548 dieu
468 480 520 546 vel
542 480 669 564 scribit,
689 480 792 565 quode
812 480 999 563 expltesmm
1023 483 1072 543 est
1091 477 1126 543 in
1146 472 1364 543 Rhetoricis

242 594 370 673 u1,1t.
907 631 910 640 ,
978 589 981 598 '
1277 595 1283 605 ’

308 691 443 779 ciydp
472 690 972 779 Meministine-ditasset
998 693 1110 757 festive
1131 692 1190 758 sibi
1210 711 1361 776 respon-

243 810 317 873 dent
336 808 423 888 baec,
446 799 645 888 Ἀμφιάραος
666 801 701 880 ἐξ
719 797 811 887 ἱεροῦ
833 800 923 886 ἀνῄει
945 809 1038 887 atque
1057 800 1113 864 tut
1133 799 1170 864 δὲ
1190 801 1246 881 τῆς
1265 820 1362 880 ‹ml-

243 916 299 997 sic
333 915 471 989 ὲξέιιῐσε.
524 914 641 979 seilicet
667 913 817 979 cutinus
848 906 1038 993 δτραγικὸς
1057 910 1278 993 Amphiaraum
1307 928 1359 973 ex

245 1025 359 1106 templo
379 1023 556 1087 redeuntem
576 1022 659 1102 iecit,
674 1022 814 1105 idemque
842 1019 923 1084 bunc
942 1037 1101 1102 egressum
1117 1018 1357 1101 spectatoribus

242 1152 305 1196 non
326 1131 482 1213 argaitum
502 1130 647 1211 deinceps
667 1130 712 1193 ito
732 1129 880 1211 respexit,
899 1135 935 1190 ut
954 1127 1264 1211 tragoediaobseura
1282 1128 1354 1189 tie-

242 1249 292 1303 ret
313 1239 443 1321 ideoque
475 1258 537 1302 non
565 1239 713 1322 placeret
766 1236 910 1301 festivum
938 1236 971 1300 in
1001 1236 1155 1300 ioeutione
1183 1235 1354 1314 illuderet,

242 1349 323 1435 quod
337 1346 473 1427 ἐξέπεσε,
493 1346 622 1411 verbum
634 1347 673 1409 de
686 1346 800 1410 fabulis
816 1344 935 1411 exactis
955 1343 1017 1408 diei
1030 1346 1162 1426 solitum,
1184 1345 1227 1408 ad
1243 1346 1354 1426 ipsam
1434 1335 1435 1406 i

241 1454 422 1538 Amphiarai
448 1473 612 1539 personam
653 1455 861 1530 mandentur,
900 1452 1041 1535 quodque
1075 1453 1128 1536 qui
1158 1449 1197 1515 de
1228 1455 1353 1535 templo
1435 1445 1436 1500 i

242 1583 387 1648 egresm
420 1568 511 1643 erat,
533 1563 566 1627 iu
594 1581 690 1628 scena
709 1580 775 1627 non
804 1562 944 1626 stetisse
966 1561 1088 1625 dicitur.
1130 1561 1170 1623 de
1192 1561 1249 1624 ilio
1271 1579 1352 1625 ver·
1436 1555 1437 1568 ¹

242 1674 275 1739 bi
303 1671 464 1735 ἐκπίπτειν
495 1670 673 1753 significatu
700 1670 780 1736 dixit
806 1668 1051 1735 iiemsterhusius
1070 1669 1111 1732 ad
1132 1655 1261 1732 lanciani
1282 1668 1352 1737 Ni-

239 1785 326 1866 φη
347 1800 374 1846 c.
399 1785 431 1844 8.
454 1778 614 1843 Disaenius
628 1779 671 1844 ad
690 1777 926 1843 Demosthenem
945 1776 987 1841 de
1002 1772 1135 1844 corona
1154 1799 1185 1861 p.
1199 1783 1272 1844 416.
1296 1781 1346 1861 (p.

242 1887 372 1967 rosa)
903 1920 906 1924 ·
1285 1883 1292 1890 “

137 2001 138 2004 ’
325 1988 402 2057 ὅσα
425 1993 471 2057 di
492 1987 682 2073 δυνατόν,
703 1993 776 2054 καὶ
803 1995 890 2066 τοῖς
907 1986 1098 2076 σχήμασι
1120 2014 1347 2073 suranco..

242 2099 501 2184 γαζόμενονε
536 2104 596 2168 hoe
624 2103 756 2167 sltenou
788 2110 985 2187 praeceptum
1011 2120 1122 2171 mores
1153 2105 1347 2186 potissimum

243 2219 372 2295 spectat,
394 2212 480 2295 prius
501 2212 676 2295 argumenti
707 2211 989 2278 conformationem
1041 2212 1105 2276 inm
1127 2214 1209 2276 enim
1230 2218 1346 2295 poetae

246 2322 365 2402 suadet,
377 2327 411 2385 ut
422 2321 461 2400 is,
483 2320 554 2385 dum
569 2321 636 2384 sive
649 2319 749 2385 iratos
762 2320 830 2383 sive
840 2339 1026 2404 quoeunque
1038 2320 1101 2384 alio
1114 2321 1204 2384 modo
1217 2321 1350 2385 affectos

242 2430 364 2513 pingit,
385 2430 452 2513 ipse
474 2429 623 2493 iratorum
644 2428 696 2492 vei
716 2428 782 2492 aiio
812 2428 923 2493 affectu
942 2435 1160 2493 commotorum
1181 2431 1286 2492 vultrrs
1311 2438 1346 2493 et

207 2619 210 2635 Ι
245 2545 351 2620 gestus
367 2531 547 2618 (σχήματα)
569 2535 714 2614 imitetur,
736 2554 796 2617 quo
818 2536 922 2600 verius
940 2556 994 2600 eos
1014 2537 1140 2602 affectus
1162 2537 1267 2601 verbis
1288 2556 1345 2603 ex-

243 2648 377 2729 primere
397 2643 497 2726 possit
508 2644 575 2725 ipse
594 2643 645 2707 ira
665 2642 732 2708 sive
744 2644 821 2740 odio
835 2645 979 2709 incitatus
993 2648 1047 2709 vel
1065 2647 1344 2729 quomodocumque

247 2762 428 2818 commotus.
457 2753 576 2816 sedicet
598 2752 649 2835 qui
670 2753 787 2816 vultum
807 2752 883 2817 irati
911 2756 964 2817 vel
981 2756 1157 2818 aversantis
1178 2757 1230 2818 vel
1251 2756 1346 2821 aliter

245 2865 389 2927 commoti
410 2861 553 2943 adhibet,
575 2862 688 2925 issese
714 2868 824 2943 sponte
844 2861 996 2926 subirasci
1015 2864 1216 2945 aversarique
1237 2865 1342 2944 sentit,

244 2970 384 3051 idemque
407 2969 440 3033 in
459 2969 570 3031 ceteris
589 2969 749 3034 affectibus
776 2988 834 3032 usu
854 2970 962 3033 venire
985 2971 1075 3034 solet.
1097 2970 1160 3034 vid.
1182 2970 1342 3037 Aristotel.

244 3075 468 3160 Physiopnom.
491 3094 518 3138 e.
539 3079 570 3138 4.
603 3096 635 3156 p.
655 3081 720 3140 808
741 3077 761 3141 b
783 3081 834 3139 12.
855 3071 876 3156 ,ἦ
904 3076 960 3157 τῆς
978 3075 1088 3157 ψυχῆς
1109 3075 1172 3151 ’ἕξις
1196 3075 1346 3138 diiocoo·

243 3183 324 3264 μάνη
356 3183 544 3243 novatione
557 3179 615 3242 τοῦ
634 3174 783 3259 σώματος
811 3180 961 3264 μορφήν,
990 3179 1117 3245 πάλιν
1138 3203 1182 3247 sa
1211 3177 1232 3265 ἦ
1264 3183 1347 3245 τοῦ

147 3331 152 3344 ·
244 3286 438 3371 σώματος
476 3284 619 3371 μορφὴ
664 3287 945 3372 ἅλλοιουμὲνη
989 3271 1241 3381 σνναλλόιοῖ
1271 3287 1345 3374 τὴν

243 3398 309 3480 τῆς
329 3398 468 3478 ψυχῆς
491 3397 588 3470 ἕξιν.
609 3401 691 3463 coni.
714 3417 793 3480 quae
813 3385 981 3482 disputavit
1003 3400 1182 3464 Willnerus
1202 3421 1288 3465 meris
1309 3403 1342 3467 in

246 3507 328 3572 libro
360 3508 460 3571 bonae
495 3506 596 3588 frugis
624 3507 802 3588 plenissimo
833 3507 967 3572 uener
998 3508 1066 3572 die
1094 3509 1346 3573 Verwandt-

247 3616 476 3678 sohaitdes
496 3613 942 3704 isdegermanischcn,
964 3613 1237 3681 Semitischeu
1265 3617 1343 3681 und

245 3723 579 3786 Tibetauischen
600 3730 658 3785 cet.
682 3722 711 3805 §.
728 3729 759 3787 3.
808 3742 870 3787 nou
896 3723 975 3788 bene
998 3726 1181 3807 interpretes
1200 3727 1341 3792 nonnulli

245 3830 285 3892 de
314 3830 422 3911 figuris
448 3831 488 3895 ab
516 3830 717 3894 histrionibus
757 3831 790 3894 in
818 3850 912 3896 scena
940 3833 1146 3913 exprimendis
1175 3834 1335 3916 cogitave-

245 3944 331 4002 runt:
352 3955 409 4001 eae
436 3938 517 4002 enim
543 3939 726 4002 histrionum
757 3946 844 4020 sumt,
867 3959 930 4004 non
960 3947 1138 4024 poetarum3
1158 3960 1257 4025 neque
1279 3943 1341 4006 hoe

244 4048 314 4111 loeo
333 4047 477 4129 agendae
497 4048 679 4128 tragoediae
690 4047 745 4110 sed
766 4049 1003 4130 perscribendae
1023 4054 1190 4132 praecepta
1209 4050 1340 4115 tradun-

246 4161 308 4219 tur.
352 4157 434 4237 quod
456 4155 497 4219 ad
513 4162 698 4221 structuram
716 4157 880 4221 verborum
900 4157 1020 4239 attium,
1042 4157 1121 4222 hoec
1142 4147 1204 4217 ica
1225 4154 1260 4219 δὲ
1283 4155 1343 4217 δυ.

244 4254 348 4344 vatic,
368 4261 425 4325 καί
445 4265 509 4336 τοῖς
532 4256 677 4346 σχήμασι
701 4259 1017 4348 συναπεργαζόμενον
1042 4267 1228 4351 respondent
1249 4285 1343 4351 supe-
