2892 4917
263 284 328 346 mo
452 237 460 254 ’
651 277 976 344 eouomnrsms

264 475 437 543 huiusmodi
457 478 540 542 falsa
560 494 640 561 quae
662 480 826 563 descripsit
849 480 1043 560 Aristoteles,
1066 480 1098 541 in
1119 475 1254 561 Niptris
1279 498 1353 558 esse,

260 591 292 649 et
316 586 387 648 inde
409 603 513 648 eorum
535 586 768 670 descriptionem
788 595 939 670 sumptam
957 606 1026 650 esse
1045 588 1148 650 dicere
1171 588 1278 650 voluit.
1300 586 1353 648 sed

259 697 360 756 restat
382 710 442 773 quo
464 694 627 775 praecipue
642 696 761 758 attendi
783 697 885 758 velim.
927 696 1068 777 singulas
1080 695 1188 757 iliadis
1209 702 1240 756 et
1254 696 1352 772 Odys-

260 818 333 863 seae
352 805 458 879 partes
471 803 503 859 et
516 798 549 860 in
570 799 635 863 vita
650 800 798 863 mmmuni
811 806 843 862 et
856 819 876 863 a
888 800 1097 883 grammaticis
1108 799 1243 881 propriis
1258 800 1354 862 nomi·

221 894 231 903 ’
259 907 349 970 nihus
369 906 544 987 appellatas
556 924 623 968 esse
643 906 720 969 satis
732 907 851 989 quidem
866 912 997 985 constan
1013 913 1135 970 constat
1145 909 1236 970 etiam
1249 927 1353 970 eorum

259 1014 414 1078 nominum
434 1014 582 1077 nonnulla
615 1014 700 1096 prius
725 1016 898 1094 exstitisse,
930 1032 1021 1097 quam
1049 1016 1212 1097 disciplina
1242 1023 1273 1077 et
1301 1035 1353 1078 ars

260 1121 464 1205 grammatica
486 1121 696 1186 Alexandriae
729 1123 845 1204 agitari
878 1125 1039 1205 coepisset,
1060 1126 1145 1205 prius
1190 1125 1353 1204 exstitisse,

259 1248 351 1313 quam
387 1230 545 1313 utriusque
572 1231 717 1294 carminis
747 1231 860 1295 divisio
876 1232 925 1304 ¹in
952 1233 1065 1313 viginti
1091 1238 1237 1314 quattuor
1257 1233 1353 1296 lihros

258 1340 400 1403 instituta
423 1347 513 1404 esset
555 1340 610 1404 scd
633 1340 733 1404 nihilo
753 1341 853 1403 mhrus
877 1359 935 1424 ego
956 1342 989 1404 id
1011 1343 1199 1404 confidenter
1218 1360 1353 1424 pronun-

259 1447 314 1527 tio,
337 1447 370 1509 in
383 1443 519 1529 Niptris
537 1446 650 1509 relecti
673 1447 774 1509 lomim
793 1447 881 1509 illum
903 1449 1061 1524 Odysseae
1074 1448 1108 1512 T.
1128 1453 1281 1529 172-248,
1303 1450 1353 1512 uhi

223 1585 225 1588 ·
260 1556 368 1620 ulixes
389 1572 496 1617 coram
514 1553 670 1634 Penelopa
702 1553 800 1615 multa
827 1553 987 1616 mendacia
1006 1553 1073 1616 veri
1097 1554 1210 1618 similia
1225 1533 1355 1637 profert,

237 1681 325 1726 non
344 1661 498 1744 potuisse,
529 1666 692 1741 antequam
726 1678 806 1742 quae
833 1679 913 1722 nuuc
940 1661 1020 1724 lihro
1042 1664 1118 1724 XlX
1135 1663 1284 1745 leguntur
1304 1683 1355 1726 se-

261 1776 350 1834 creta
370 1789 391 1833 a
421 1768 532 1832 ceteris
554 1773 584 1829 et
604 1768 637 1830 in
660 1786 752 1831 unum
776 1769 938 1831 coniuncta
960 1777 1071 1844 essent,
1090 1770 1121 1834 h.
1145 1789 1172 1833 c.
1195 1776 1358 1855 antequam

258 1878 403 1955 odyssea
425 1877 458 1939 in
477 1878 591 1958 inpiati
611 1881 767 1960 quattuor
785 1877 969 1957 rhapsodias
990 1879 1156 1941 distributa
1175 1886 1265 1941 esset.
1286 1899 1356 1956 nam

136 1975 143 1981 ’
265 2004 344 2068 quae
366 1985 430 2047 illic
460 1985 563 2066 posita
584 1991 656 2046 sunt
686 2004 707 2048 a
727 2003 820 2048 versu
842 1992 859 2046 1
883 1987 1038 2067 usquead
1059 1991 1132 2061 334,
1154 1988 1205 2050 uhi
1226 1980 1265 2046 τὰ
1287 1983 1357 2047 olu-

262 2114 323 2170 τρα
346 2093 462 2173 (Ulixis
483 2092 615 2172 lavatio)
638 2111 712 2155 vere
734 2093 904 2174 incipiunt,
927 2112 968 2157 eo
992 2093 1074 2158 nihil
1094 2113 1157 2177 per
1176 2113 1216 2158 se
1238 2095 1358 2158 cohoe-

262 2206 338 2266 rent
360 2221 426 2264 cum
447 2201 606 2288 lavatione
620 2201 730 2266 Ulixis.
753 2202 824 2263 inde
846 2193 1041 2284 consequitur
1055 2203 1155 2265 locum
1171 2203 1258 2266 illum
1280 2211 1357 2266 172.

264 2314 328 2373 248
350 2310 389 2371 de
408 2327 468 2392 quo
479 2310 632 2390 loquimur
652 2314 715 2371 turn
726 2310 844 2371 demum
856 2310 888 2371 in
902 2306 1056 2389 Νίπτροις
1078 2312 1192 2373 referri
1214 2313 1359 2392 potuisse,

264 2437 332 2481 cum
352 2436 461 2480 versus
481 2416 528 2479 illi
548 2420 633 2497 604,
659 2417 722 2498 ·qui
741 2417 833 2479 hodie
855 2417 966 2480 librum
987 2419 1241 2484 undevicesimum
1263 2423 1359 2484 effici-

264 2531 331 2604 unt,
351 2525 382 2587 in
404 2543 496 2587 unum
515 2524 628 2586 lihrum
652 2524 803 2594 coniuncti
824 2532 856 2586 et
877 2545 896 2587 a
920 2526 991 2595 loeo¹
1009 2526 1066 2589 illo
1087 2529 1198 2591 eximio
1221 2531 1266 2608 (v.
1280 2535 1358 2594 335-

264 2633 343 2710 too)
366 2631 486 2694 nomine
506 2628 570 2690 τῶν
591 2626 744 2708 Νίπτρων
768 2632 942 2714 consignati
973 2641 1084 2698 essent.
1127 2639 1238 2700 scimus
1258 2647 1360 2703 autem

266 2741 450 2805 divisionem
472 2741 630 2822 utriusque
650 2740 794 2803 carminis
812 2741 844 2803 in
867 2742 979 2823 viginti
1000 2751 1145 2824 quattuor
1164 2746 1261 2808 libros
1283 2767 1360 2829 quos

267 2850 358 2912 hodie
379 2848 511 2930 legimus
533 2847 572 2910 ah
590 2846 771 2909 Aristarcho
792 2847 821 2926 ²)
848 2848 967 2909 demum
985 2849 1157 2914 institutam
1179 2870 1257 2916 esse.
1300 2855 1361 2917 ita.

264 2971 326 3039 que
346 2957 401 3020 ille
425 2956 475 3037 qui
496 2955 574 3018 haec
592 2956 777 3036 interposuit
795 2963 866 3036 post
878 2938 1089 3021 Aristarchum
1112 2960 1200 3023 vixit.
1227 2996 1267 3006 -
1297 2965 1361 3025 lte-

265 3070 332 3127 stat
362 3069 396 3124 ut
416 3063 551 3125 dicamus
571 3064 609 3124 de
628 3045 716 3125 huius
737 3063 798 3126 loci
824 3071 909 3126 recte
929 3066 1083 3128 scribendi
1113 3069 1244 3133 ratione.
1282 3071 1362 3152 quod

258 3172 325 3235 suh
352 3169 470 3234 initium
505 3170 624 3232 codices
656 3170 821 3249 exhibent,
853 3168 971 3251 ἀνάγκη
999 3164 1080 3233 εἶναι
1107 3167 1130 3255 ἢ
1160 3175 1313 3254 γενέσθαι
1344 3168 1364 3259 ἢ

269 3279 477 3358 apostatum,
490 3280 524 3341 in
545 3297 695 3361 eousque
715 3279 827 3342 iustam
838 3285 1029 3372 structuram,
1043 3301 1141 3365 neque
1160 3304 1282 3348 sensum
1305 3287 1363 3349 ali-

272 3406 362 3471 quem
384 3402 554 3469 agnoscere
586 3385 679 3448 licet:
711 3401 851 3447 necesse
879 3391 934 3449 est·
965 3403 1042 3450 esse
1062 3393 1120 3451 out
1136 3386 1266 3469 fuctum
1286 3410 1363 3457 esse

268 3623 275 3631 ,

305 3725 334 3797 2)
354 3725 417 3779 vid.
437 3733 572 3793 grammat.
592 3723 626 3776 ele
646 3726 811 3795 poesiHom.
829 3728 854 3779 2.
875 3730 949 3783 εἰσὶν
967 3728 1041 3800 crispi
1058 3730 1186 3796 ποιήσεις
1207 3731 1267 3795 δύο,
1286 3727 1367 3795 'ileos

294 3841 300 3852 ·
373 3824 421 3873 καὶ
448 3819 598 3874 ’odouacro
619 3819 769 3893 διῃρημένη
795 3822 911 3893 ἑκατέρα
938 3828 977 3882 εἰς
994 3815 1045 3879 τὸν
1062 3818 1190 3896 ἀριθμὸν
1209 3828 1268 3882 τῶν
1291 3847 1367 3883 στοι-

366 3922 461 3988 χείων,
481 3916 533 3988 οὐχ
553 3916 600 3972 ὑπ’
620 3916 704 3973 αὐτοῦ
721 3919 771 3973 τοῦ
788 3920 914 3984 ποιητοῦ,
934 3919 991 3972 ἀλλ’
1009 3917 1072 3975 ὑπό-
1083 3925 1141 3978 τῶν
1157 3927 1365 3996 γραμματικῶν

269 4069 271 4076 ,
367 4012 425 4068 τῶν
445 4018 512 4084 περὶ
528 4012 712 4086 Ἀρίσταρχον
730 4014 848 4091 (heah
867 4017 928 4086 ipso
945 4018 1108 4081 Aristarcho,
1127 4019 1161 4071 de
1180 4038 1235 4090 qua
1253 4022 1362 4073 dicendi

268 4159 273 4164 .
369 4109 570 4163 consuetudine.
583 4111 724 4164 'mhehrsii
737 4115 846 4179 Quaest.
865 4115 934 4180 epia·
952 4113 1031 4182 p.28.
1050 4116 1129 4187 not).
1149 4117 1222 4170 conf.
1235 4101 1364 4173 ¹Eustath.

367 4224 394 4278 p.
414 4208 430 4259 5
450 4216 517 4261 extr.
539 4218 566 4261 et
585 4208 681 4267 Wolfii
698 4210 853 4282 Prolegom·
876 4205 917 4265 ad
935 4212 1013 4264 Hom.
1031 4229 1057 4282 p.
1079 4212 1191 4267 CCLVI.
1208 4222 1270 4267 aot.
1349 4275 1356 4283 ,
