2892 4917
278 309 320 367 20
640 293 990 365 ΑΡΙΣΤΟΤΕΛΟΥΣ

364 474 508 561 Φανερόν
529 476 565 540 δὲ
585 477 620 540 ἐκ
640 479 704 541 τοόν
726 476 899 561 εἰρημένων
921 473 977 540 καί
992 469 1044 539 δτι
1056 473 1095 540 ori
1116 474 1152 540 τό
1165 474 1203 540 τό
1222 474 1412 558 γενόμενος)

278 599 389 677 λέγειν,
409 596 503 659 τοῦτο
524 595 657 676 notaturi
676 589 769 676 ἔργον
790 593 886 673 ἐστίν,
908 592 976 656 ἀλλ’
999 585 1052 658 οἶοι
1065 585 1107 656 ἂν
1117 595 1249 673 γένοιτο,
1270 596 1331 657 sut*
1341 592 1381 659 τὰ
1443 593 1444 664 l

250 710 397 775 adoraui
409 705 490 773 κατὰ
502 706 536 773 τὸ
547 704 629 782 εἰκός
639 702 662 792 ἢ
671 705 707 773 τό
725 701 902 791 ἀναγκαῖον.
916 705 934 771 ό
947 703 1009 791 γαρ
1023 704 1178 792 ἱστορικός
1192 711 1248 772 καί
1258 706 1275 773 ὅ
1284 731 1382 794 ποιη-

277 825 336 910 τῆς
351 826 389 889 οό
405 828 449 913 τῷ
464 819 485 911 ἢ
500 822 641 909 ἔμμετρα
652 827 755 908 λέγειν
768 819 789 909 ἢ
803 819 926 908 ἄμετρα
943 824 1173 910 διαφέρουσιν·
1192 823 1243 908 εἴη
1263 823 1324 910 γὰρ
1340 821 1382 890 όν
1443 897 1444 904 1

277 940 317 1008 τό
326 939 505 1026 Ἡροδότου
518 944 563 1018 εἰς
575 944 679 1026 μέτρα
690 943 833 1026 τεθῆναι,
847 940 902 1005 καί
922 940 1015 1004 οὐδὲν
1028 932 1123 1023 ἧττον
1137 933 1177 1004 όν
1191 938 1241 1025 εἴη
1252 938 1381 1026 ἱστορία
1393 955 1407 1008 5

277 1081 325 1134 τις
344 1056 425 1140 μετὰ
448 1061 565 1143 μέτρου
587 1052 610 1142 ἢ
630 1053 706 1122 ἄνευ
728 1060 872 1142 μέτρων·
926 1054 1008 1121 ἀλλὰ
1029 1054 1129 1144 τούτῳ
1150 1054 1311 1142 διαφέρει,
1333 1061 1381 1146 τῷ

251 1170 335 1243 salv
354 1176 415 1255 μὲν
435 1170 475 1240 τό
494 1173 649 1258 γενόμενοι
670 1175 782 1256 λέγειν,
803 1172 859 1238 τόν
881 1174 917 1238 δὲ
936 1164 989 1237 οἷα
1011 1165 1052 1236 όν
1070 1175 1202 1255 γένοιτο.
1246 1171 1296 1235 διὰ
1320 1173 1380 1238 κατ’

280 1288 538 1379 φιλοσοφώτερον
556 1293 613 1354 καί
640 1285 888 1374 σπουδαιότερον
907 1293 1032 1374 ποίησις
1054 1286 1194 1373 ἱστορίας
1213 1290 1316 1355 ἐστίν·
1358 1285 1379 1373 ἦ

277 1405 419 1493 μὲνγὰρ
439 1381 704 1491 uor‘qorclptltor
730 1402 769 1472 τοὶ
790 1402 950 1485 καθόλου,
980 1402 1001 1487 ἦ
1029 1406 1059 1468 δ’
1092 1403 1219 1489 ἱστορία
1240 1403 1282 1469 τὰ
1303 1410 1380 1470 καθ’

248 1526 411 1611 lineatur
432 1526 526 1608 λέγει.
570 1520 636 1588 ἔστι
664 1524 700 1586 δὲ
721 1519 862 1586 καθόλου
883 1524 961 1601 μέν,
987 1522 1031 1607 τῷ
1049 1525 1128 1608 ποίῳ
1148 1516 1187 1585 τοὶ
1214 1528 1283 1583 ποῖ’
1297 1513 1415 1589 ἇτταιο

276 1640 448 1725 συμβαίνει
478 1643 580 1724 λέγειν
609 1634 803 1722 ἢπρόττειν
828 1635 907 1702 κατὰ
937 1635 972 1704 τό
996 1633 1080 1726 εἰκός
1106 1628 1182 1720 iisd
1205 1637 1380 1720 ἀναγκαῖον

279 1765 310 1843 [,
331 1750 376 1822 οὗ.
391 1755 579 1840 στοχάζεται
604 1754 762 1840 ἦποιήσις
775 1752 917 1835 ὀνόματα
932 1756 1167 1839 &attemperat
1188 1750 1228 1819 τὰ
1242 1756 1279 1818 δὲ
1301 1758 1378 1821 καθ’

239 1873 433 1957 ,filtrensem
450 1873 486 1939 τί
509 1872 710 1958 Ἀλκιβιάδης
729 1870 864 1956 ἔπραξεν
883 1863 906 1956 ἢ
928 1870 965 1936 τί
987 1868 1119 1938 ἔπαθεν.
1163 1873 1218 1939 ἐπὶ
1235 1877 1297 1955 μὲν
1318 1864 1378 1938 σόν

276 1994 333 2075 τῆς
355 1992 523 2078 κωμῳδίας
550 1984 612 2075 ἤδη
643 1993 737 2055 τοῦτο
763 1990 861 2072 δῆλον
885 1991 1031 2072 γέγονεν·
1082 1989 1295 2073 συστήσαντες
1311 1989 1376 2076 γὰρ

276 2105 333 2174 τόν
351 2110 458 2191 μῦθον
486 2105 542 2172 διὰ
562 2108 628 2172 τῶν
648 2102 775 2172 εἰκότων
793 2100 880 2169 onisco
905 2101 947 2172 τοὶ
968 2105 1108 2191 τυχόντα
1130 2102 1273 2189 ὀνόματα
1293 2106 1415 2173 ὕπο-ιο

347 2309 389 2362 ιι.
411 2298 446 2361 τὰ
464 2306 563 2359 ninus:
584 2306 619 2357 sc
637 2314 666 2360 α
683 2306 713 2359 u
732 2305 795 2360 xrv
813 2313 842 2358 et
858 2305 908 2358 or
924 2301 971 2369 τὸ,
989 2306 1061 2378 sco
1078 2302 1144 2371 τὸν,
1161 2308 1200 2359 u·
1212 2307 1244 2358 u
1262 2306 1296 2359 ιι
1313 2296 1382 2374 τὴν(

348 2406 390 2457 15.
408 2402 595 2459 ὑποτιθέασιν
612 2410 654 2455 est
679 2403 710 2454 in
730 2401 838 2453 AchN⁸
860 2408 890 2453 et
907 2401 1021 2472 GLPQ
1040 2410 1069 2454 et
1083 2393 1157 2455 idern
1175 2404 1310 2473 (quamvis
1330 2412 1375 2456 ta-

349 2509 410 2552 ceat
426 2499 638 2570 Winstanleius)
658 2498 688 2549 in
704 2496 836 2549 Mediceis
857 2514 916 2549 esse
938 2514 995 2548 non
1012 2497 1127 2550 dubium
1144 2499 1266 2552 videtur:
1286 2500 1375 2552 Aldus

348 2599 525 2651 ἐπιτιθέασιν
546 2594 651 2647 invexit
677 2594 823 2664 respiciens
848 2593 920 2645 illud
949 2594 1126 2667 ἐπιτιθεμένη
1150 2596 1233 2665 paulo
1254 2605 1320 2648 aute
1339 2596 1375 2649 ab

272 2681 273 2684 ¹
349 2693 546 2763 interpolatore
565 2690 694 2762 positum.
731 2687 876 2746 ὑποθέντα
893 2683 927 2743 τό
947 2688 1074 2764 ὀνόματα
1089 2692 1204 2762 legimus
1222 2709 1245 2744 c.
1266 2694 1309 2758 17,
1330 2692 1357 2747 4.

361 2908 390 2971 9.
431 2908 630 2970 Manifestum
653 2928 729 2968 vero
752 2929 787 2969 ex
809 2908 845 2969 iis
869 2930 949 2992 quae
969 2909 1191 2990 disputavimus
1213 2911 1304 2973 simul
1328 2925 1377 2978 est

277 3033 342 3072 non
366 3030 446 3092 quae
470 3010 552 3070 facta
572 3018 645 3070 suut
660 3006 775 3085 dicere,
796 3008 828 3068 id
840 3020 953 3090 poetae
966 3009 1102 3071 officium
1126 3032 1197 3088 esse,
1218 3011 1272 3073 sed
1293 3037 1377 3097 quae

277 3111 345 3172 fieri
366 3111 495 3192 possint,
519 3129 618 3191 eaque
640 3108 802 3190 quomodo
822 3110 891 3169 lieri
916 3118 971 3169 aut
990 3111 1155 3192 probabile
1175 3112 1215 3173 sit
1238 3124 1293 3176 aut
1316 3137 1376 3177 ne-

277 3210 453 3272 cessarium.
506 3231 578 3269 nam
602 3229 711 3270 rerum
743 3208 882 3290 scriptor
910 3218 942 3270 et
966 3219 1061 3289 poeta
1082 3234 1148 3273 non
1170 3214 1323 3277 metricae
1343 3225 1377 3278 et

275 3333 389 3394 prosae
411 3310 561 3372 orationis
582 3330 640 3369 usu
661 3307 826 3369 differunt:
848 3320 973 3390 possent
994 3311 1077 3371 eninr
1098 3335 1178 3394 quae
1192 3314 1377 3378 Herodotus

275 3412 398 3493 scripsit
415 3411 520 3470 metris
533 3409 682 3476 adstricta
696 3430 769 3485 esse,
789 3431 847 3469 nec
863 3409 962 3469 minus
977 3411 1062 3472 foret
1074 3411 1205 3474 historia
1221 3416 1379 3497 quaedam

276 3534 349 3574 cum
379 3520 481 3572 metro
512 3522 604 3592 alque
624 3510 688 3570 sine
711 3509 833 3571 metris:
855 3509 908 3572 sed
929 3509 991 3571 hoc
1010 3510 1178 3593 differunt,
1206 3516 1295 3598 quod
1324 3517 1379 3579 bic

278 3613 452 3694 quaefacta
476 3619 548 3672 sunt
569 3611 653 3687 dicit,
672 3611 722 3671 ille
744 3632 825 3692 quae
845 3620 974 3692 possunt
993 3613 1073 3673 fieri.
1115 3616 1324 3696 quamobrem
1344 3627 1379 3680 et

277 3713 372 3793 magis
387 3710 637 3793 philosophicum
650 3718 681 3770 et
694 3712 817 3790 gravius
831 3721 875 3771 est
895 3714 995 3792 poesis
1016 3734 1109 3795 quam
1130 3712 1277 3776 historiar
1302 3738 1378 3779 nam

277 3815 379 3895 poesis
401 3813 506 3892 potius
528 3833 608 3892 quae
626 3812 798 3892 generalia,
818 3811 951 3872 historia
969 3822 1073 3874 autem
1094 3815 1264 3897 singularia
1288 3817 1378 3879 dicit.

279 3921 351 3973 sunt
375 3921 480 3971 autern
495 3912 661 3993 generalia,
678 3912 802 3994 qualem
823 3912 926 3994 qualia
949 3914 1114 3975 conveniat
1129 3916 1235 3978 dicere
1255 3917 1307 3977 vel
1326 3918 1378 3979 fa.

279 4034 353 4074 cere
370 4011 540 4072 secundum
553 4012 853 4073 verisimilitudinem
867 4013 917 4073 vel
931 4016 1142 4076 necessitatem
1157 4018 1178 4096 [‚
1199 4017 1250 4077 cui
1270 4018 1378 4080 studet

278 4112 378 4196 poesis
404 4111 529 4176 nomina
552 4112 746 4194 imponens]‚
769 4114 935 4193 singularia
956 4125 1079 4190 autem,
1104 4115 1179 4199 quid
1200 4117 1378 4181 Alcibiades

278 4214 389 4274 feeerit
405 4222 459 4272 aut
476 4212 550 4294 quid
573 4235 676 4294 passus
697 4215 748 4274 sit.
771 4215 802 4273 in
824 4215 984 4288 comoedia
998 4216 1122 4298 quidem
1146 4218 1206 4278 boc
1222 4219 1282 4277 iarn
1298 4241 1376 4299 per·

279 4316 421 4397 spicuum
440 4313 632 4377 factumest:
656 4336 729 4377 narn
748 4315 886 4377 fabulam
904 4317 1148 4399 eprobubilibus
1169 4327 1378 4404 posteaquam
