2892 4917
329 265 594 332 1111111111
616 264 704 332 oto.
726 272 757 331 o.
775 266 957 348 111-11.
1126 273 1195 334 aaa

23 341 43 516 ᾗ
107 441 255 514 strandum
282 458 355 515 ante
392 458 595 534 proposuerat
624 452 675 544 (ξ.
697 459 720 516 9
739 450 850 532 init),
882 452 950 514 dico
978 441 1124 529 aalydem
1150 448 1187 513 δὲ

23 575 24 628 l
105 555 213 617 τούτων
233 555 317 617 ἐστίν
338 555 356 639 ἦ
379 558 442 619 τῶν
462 553 659 637 πραγμάτων
685 552 850 630 σύστασις.
891 576 932 623 ex
954 560 1009 621 illo
1031 559 1111 622 enlm
1133 559 1189 622 ad·

106 665 263 726 ditamento
297 643 331 725 ro*
363 663 398 725 δὲ
419 662 507 732 τέλος
538 645 688 741 μέγιστοι
716 659 863 723 ἁπάντων
888 671 1019 746 apparet
1038 661 1189 745 [ahmam

104 792 160 833 uon
179 773 276 833 solum
299 774 449 853 potiorem
473 790 541 834 esse
561 772 700 835 moribus
717 773 771 834 sed
791 772 941 854 potiorem
964 772 1056 836 etiam
1076 771 1188 834 ceteris

105 879 276 961 tragoediae
296 879 447 959 partibus.
1035 891 1039 900 ’

182 985 210 1066 §.
233 992 284 1051 11.
326 993 398 1067 post
419 988 590 1050 absolutam
612 986 698 1054 illam
715 986 979 1051 ratiocinationem
999 985 1052 1069 (§.
1073 985 1188 1066 9-10)

108 1093 170 1155 linc
191 1094 253 1156 iam
273 1100 441 1177 sequuntur
462 1100 607 1176 quattuor
628 1097 797 1173 σημεῖα,
820 1096 928 1176 quibus
950 1114 1029 1178 quae
1043 1101 1115 1160 ente
1134 1094 1189 1157 de-

59 1207 70 1228 '
106 1207 266 1264 momtrata
286 1208 358 1263 sunt
375 1201 494 1263 firmari
517 1195 626 1264 auctor
646 1202 753 1264 voluit
796 1202 926 1282 primum
951 1208 1009 1275 est,
1034 1203 1101 1265 sine
1121 1222 1187 1266 mo-

108 1308 182 1371 ribus
201 1310 269 1372 lieri
283 1305 483 1390 ‘tragoediam
503 1327 605 1389 posse,
626 1309 693 1371 sine
716 1305 835 1388 subula
856 1330 917 1373 non
940 1329 1040 1392 posse.
1094 1314 1096 1318 ’

202 1414 232 1497 §.
267 1422 319 1480 12.
369 1409 434 1475 ἔτι
467 1410 545 1474 ἐάν
575 1435 638 1486 τις
669 1414 825 1497 ἑφεξῆς
846 1449 863 1464 -
884 1412 952 1476 καί
980 1411 1191 1478 σύστασιν

109 1516 365 1601 ιραγμιὶτωιι
399 1524 601 1587 est'alterum
632 1525 772 1604 σημεῖον.
821 1525 1003 1608 particulam
1025 1532 1190 1607 negantem

107 1638 171 1693 aute
198 1626 322 1711 ποιήσει
360 1653 401 1698 ex
432 1632 547 1696 Aldina
575 1634 677 1715 recepi
713 1653 781 1697 eum
810 1635 922 1697 ceteris
951 1635 1138 1716 maeonius„
1170 1654 1191 1699 a

23 1795 24 1808 ,
65 1809 68 1816 ‚
108 1739 251 1801 todimbus
272 1735 438 1819 omittitur,
467 1745 499 1802 et
530 1740 650 1821 quidem
671 1740 926 1804 abomnilius'ut
946 1742 1086 1821 videtur;
1107 1742 1188 1805 uun·

106 1845 158 1908 lios
184 1854 268 1909 certe
301 1867 341 1911 ex
361 1847 557 1911 Winstanleii
591 1848 712 1910 silentio
747 1848 836 1912 nimis
857 1852 1040 1914 festinanter
1061 1852 1190 1934 collegit

108 1951 141 2015 ου’
156 1954 254 2018 inesse
274 1956 365 2019 lili-is
378 1953 533 2019 Mediceis.
576 1955 696 2019 etiamsi
714 1958 883 2020 concedere
903 1961 987 2022 ultro
1009 1960 1097 2039 velis,
1120 1977 1188 2023 eurn

107 2079 214 2145 quoque
234 2064 286 2147 qui
321 2064 463 2147 deineeqs
489 2070 584 2145 ponet
616 2082 773 2142 sermones
798 2073 934 2130 moratos
964 2073 995 2129 et
1017 2068 1189 2130 locutiones

52 2205 57 2216 ·
106 2173 323 2255 sentemiasquc
340 2175 418 2237 bene
439 2175 561 2253 famas,
583 2173 804 2254 quodammodo
824 2177 928 2237 lacere
948 2177 1028 2256 quod
1048 2178 1090 2238 sit
1118 2182 1187 2240 tra-

107 2278 159 2359 gici
177 2288 286 2362 poetae
309 2282 451 2361 officium,
474 2288 538 2344 tum
559 2283 670 2344 saltem
688 2281 782 2344 scribi
812 2284 948 2363 oportuit
968 2278 1091 2363 ποιήσει
1112 2281 1188 2359 μὲν

27 2359 38 2404 ”
103 2372 225 2447 ὅέστι
247 2385 302 2467 τῆς
323 2384 508 2470 τραγῳδίας
521 2378 627 2467 ἔργον.
646 2391 680 2449 ut
699 2405 782 2449 nuno
802 2389 1030 2470 est,particu1a
1052 2396 1187 2473 negante

23 2469 27 2538 t
107 2511 287 2558 1111111111
308 2514 478 2577 possumus.

176 2601 204 2683 §.
225 2610 277 2668 13.
319 2603 442 2666 tertium
460 2602 582 2685 signum
613 2600 655 2666 ad
676 2599 815 2683 fabulae
835 2603 1056 2685 praestantiam
1080 2610 1112 2667 et
1134 2604 1185 2667 di-

106 2710 242 2790 gnitatem
269 2711 486 2775 declarandam
519 2731 559 2775 ex
589 2711 739 2796 partibus·
764 2712 829 2773 eius
850 2711 989 2775 ducitur:
1024 2732 1096 2775 uam
1118 2733 1185 2778 cum

107 2835 156 2881 eae
174 2821 265 2883 valde
289 2838 405 2901 graves
427 2820 499 2901 sint,
520 2826 616 2882 totum
637 2838 700 2903 non
715 2819 813 2881 miuus
834 2838 933 2901 grave
947 2839 1015 2881 esse
1036 2821 1183 2903 sequitur.

38 2905 48 3022 't
98 2933 223 2991 eumn
243 2936 349 3009 partes
371 2928 455 3009 illae,
478 2927 661 3006 περιπέτειαι
677 2933 708 2990 et
720 2923 940 3007 ἀναγνώρισις,
960 2948 1022 2991 nou
1036 2929 1068 2992 in
1086 2930 1184 2994 omni·

33 3025 37 3036 '
106 3033 154 3097 bus
183 3037 297 3100 fabulis
325 3037 520 3118 reperiuntur
547 3035 603 3097 sed
634 3035 669 3099 in
689 3035 758 3098 unis
780 3034 946 3119 implexis.
989 3036 1067 3101 haec
1088 3038 1186 3121 igitur

23 3175 42 3228 4
105 3143 191 3208 minus
212 3152 356 3209 accurate
375 3146 492 3227 scripta
512 3151 591 3209 sunt

23 3237 24 3252 ¹
175 3251 203 3334 §.
225 3257 276 3317 14.
319 3245 382 3313 ἔτι
415 3258 595 3331 σημεῖον
625 3253 689 3317 κτλ.
742 3253 862 3316 aceedit
889 3259 1030 3335 quartum
1053 3256 1183 3333 σημεῖον

104 3358 140 3421 ad
158 3362 351 3425 obtinendam
371 3362 553 3424 sententiam
574 3360 603 3441 §.
618 3367 650 3424 9.
668 3361 907 3443 pronuntiatam.
923 3396 963 3405 -—
1004 3351 1093 3424 ,οἷον
1112 3356 1184 3422 καί

104 3458 685 3549 οἷιιρῶτοιιιοιηταίσχεδὸν
707 3458 987 3538 ἅπαντεςιῃοη
1009 3470 1184 3532 solnmtra-

103 3577 272 3655 goediarmn
291 3579 458 3659 scriptores
479 3576 532 3660 quii
560 3582 681 3639 certare
709 3577 838 3658 primum
858 3575 1004 3656 incipiunt
1025 3577 1058 3639 in
1079 3576 1184 3658 operis

23 3705 41 3764 p
97 3699 208 3748 -srmma
228 3685 331 3755 solent
349 3686 488 3765 deiicere,
509 3685 564 3746 sed
587 3684 681 3747 ceteri
708 3702 828 3767 quoque
849 3689 959 3764 poetae
982 3686 1048 3747 lere
1071 3703 1185 3767 onmes,

26 3827 32 3882 Ι·
103 3806 160 3855 cnm
177 3793 315 3857 ommino
335 3813 472 3878 pangere
491 3793 622 3875 primum
642 3792 875 3874 adgrediuntur.

26 3905 37 3964 l
176 3903 205 3984 §.
231 3908 367 3969 15—19.
398 3920 500 3984 ·quae
528 3901 591 3964 iam
617 3905 785 3982 sequuntur
812 3900 852 3963 ab
874 3900 979 3964 aliena
999 3919 1093 3965 mauu
1113 3899 1184 3963 Ari-
1293 3965 1297 3970 Α
1380 3911 1385 3916 ·

23 3991 24 4004 ³
104 4012 212 4074 stotelis
234 4013 321 4094 operi
341 4012 459 4074 inserta
480 4028 548 4072 esse
570 4009 648 4085 dico,
670 4014 701 4069 et
718 4007 836 4072 inserta
855 4009 974 4091 quidem
998 4008 1182 4090 abantiquo

105 4114 315 4200 interpolatore
335 4120 387 4202 qui
406 4119 486 4181 hane
500 4115 735 4200 disputationem
750 4135 888 4182 mancam
910 4135 977 4179 esse
997 4120 1093 4192 ratus,
1115 4135 1182 4180 cum

23 4207 24 4216 '
105 4225 183 4289 mu
205 4227 330 4293 canuae
350 4227 512 4311 dignitatis
530 4225 696 4310 explicatio
719 4224 749 4291 a
771 4226 911 4290 sufficere
933 4242 993 4289 non
1017 4222 1182 4305 viaeatur,
