2892 4917
252 273 318 335 Rd
638 264 966 335 COMMENTARIVS

252 454 286 520 si
308 455 383 539 ptris
397 470 426 517 'o
444 458 700 539 meoneeptte
713 452 918 540 ommoraidus
937 452 1002 520 siti
1021 459 1148 518 cooeot
1193 452 1249 518 sed
1270 450 1354 516 itanc

254 564 417 645 uulgarem
437 563 620 628 antennam
648 564 778 634 sicilie
810 564 908 627 volunt
937 564 1047 631 effari:
1082 564 1353 646 sternacem

254 669 365 754 sudet
383 687 427 733 uc
450 667 580 735 Glauco
601 669 693 734 dicit.
745 671 885 734 nimirum
906 672 933 734 is
952 670 1090 734 homiues
1108 678 1223 734 umere
1245 669 1354 733 existi·

251 782 371 840 mentes
393 781 425 838 ot
443 776 615 841 iudicantes
646 776 900 858 reprehenderat.
942 776 1047 860 itaque
1066 776 1100 841 in
1127 796 1165 842 re
1184 778 1353 841 manifesta
1416 837 1419 841 .

251 884 311 946 sibi
332 890 504 966 temperare
530 904 592 949 oon
619 886 719 970 potuit
752 904 811 967 quo
832 886 931 950 minus
962 887 1161 967 provocando
1182 887 1223 950 ad
1241 892 1351 949 aucto·

146 1071 150 1079 ,
251 1010 317 1056 rem
340 993 482 1056 iectionis
509 995 629 1076 copiam
662 997 843 1056 ostentaret.
885 1012 957 1057 nam
986 994 1038 1056 iric
1054 1001 1161 1057 noster
1183 1012 1224 1057 ex
1245 1011 1352 1056 eorum

251 1118 377 1164 numero
399 1107 447 1163 cst
468 1103 521 1185 qui
540 1110 603 1165 uum
625 1102 744 1166 demum
763 1102 880 1184 aliquod
898 1120 1079 1184 persuasum
1093 1103 1154 1166 sibi
1175 1102 1301 1180 habent,
1323 1101 1351 1164 si

252 1209 345 1272 alium
366 1209 515 1272 dicentem
538 1210 570 1273 id
592 1217 749 1274 auctorem
767 1210 938 1291 producere
958 1217 1096 1292 possunt
1126 1210 1180 1273 sed
1193 1210 1274 1293 'quis
1294 1209 1351 1271 ille

250 1320 321 1381 ceti
362 1318 395 1381 in
417 1314 608 1384 fflwtoricis
620 1321 710 1398 111‚1.
732 1338 763 1402 p·
776 1321 953 1384 leonina
974 1311 1131 1381 Γλαύκων
1154 1312 1172 1378 i
1199 1309 1350 1397 Τὴῖοςιίθ

250 1429 448 1490 recitatione
468 1427 630 1509 scripsisse
652 1428 786 1505 dicitnr,
808 1446 896 1511 quem
916 1427 998 1491 huno
1017 1435 1157 1492 noenum
1179 1427 1278 1490 turim
1300 1426 1349 1487 ni-

250 1531 295 1597 un
317 1539 365 1596 est
383 1534 464 1596 unde
485 1539 610 1615 pateat:
629 1534 720 1596 immo
749 1535 942 1616 quaerendus
968 1535 1090 1598 ridetur
1107 1534 1135 1599 is
1155 1535 1207 1618 qui
1227 1536 1267 1597 de
1287 1534 1350 1596 iio-

249 1658 335 1707 nrero
355 1641 523 1723 scripserit,
547 1642 664 1705 ettalis
685 1642 866 1705 eetGlanco
876 1644 1051 1723 Tarsensis,
1073 1644 1125 1726 qui
1145 1644 1178 1706 in
1193 1662 1231 1706 eo
1253 1661 1349 1725 opere

247 1768 311 1834 spuo
345 1752 469 1832 glossas
497 1751 675 1837 Homericus
705 1759 885 1835 persecutos
911 1759 960 1815 est
986 1759 1018 1816 et
1038 1754 1076 1816 de
1110 1754 1207 1817 uariis
1238 1772 1348 1817 vouoo

250 1858 525 1942 significationibus
538 1859 716 1940 disputavit,
739 1860 895 1941 aptissime
914 1860 996 1924 hanc
1017 1862 1255 1925 admonitionem
1275 1880 1349 1943 pro-

251 1967 335 2034 terre
355 1967 463 2046 potuit..
487 1961 549 2031 uid.
572 1964 686 2031 Sciunt.
716 1970 752 2031 io
771 1964 865 2032 Hono.
897 1965 939 2032 n.
962 1967 1006 2032 A.
1031 1974 1059 2032 1.
1089 1967 1235 2049 μῆνιντ
1258 1963 1289 2029 oi
1314 1966 1350 2028 di

250 2073 326 2152 περὶ
344 2069 521 2134 Γλαύκωνα
543 2074 587 2156 (lu.
611 2094 637 2138 e.
660 2075 778 2138 Glauco
809 2074 891 2157 ipse)
919 2070 1125 2154 τύνΐαρσέα
1146 2072 1255 2156 ἠξίουν
1279 2068 1350 2150 α’ξύ·

251 2201 316 2242 ναν
348 2177 381 2242 τὸ
411 2172 519 2258 ὄνομα.
553 2183 665 2247 Athen.
697 2185 752 2250 XI.
773 2204 803 2265 p.
825 2189 889 2248 480
904 2185 938 2248 li.
961 2177 1116 2246 Γλαύκων
1150 2182 1179 2243 δ’
1212 2182 1246 2244 ἐν
1279 2188 1351 2256 ταῖς

249 2284 407 2370 γλώσσαις
439 2292 605 2371 Κυπρίους
634 2292 715 2372 φησί
734 2286 792 2373 τήν
813 2288 950 2374 κοτύλην
971 2287 1083 2354 κύλικα
1104 2295 1220 2357 καλεῖν,
1264 2294 1352 2356 vide·

250 2402 302 2463 tur
322 2402 419 2484 igitur
435 2402 643 2483 imprudenter
656 2403 788 2466 laudare
809 2403 1041 2486 grammaticum
1056 2404 1107 2486 qui
1119 2405 1231 2466 saitem
1252 2405 1350 2468 molto

250 2515 322 2591 post
342 2509 540 2573 Aristotelem
568 2511 664 2589 uixit,
695 2528 878 2594 quamquam
909 2511 987 2574 certi
1015 2513 1180 2594 quidquam
1213 2512 1253 2574 de
1282 2511 1350 2574 eius

249 2623 354 2682 oeae
375 2618 495 2710 definiri
515 2618 630 2699 nequit·
652 2654 693 2665 -
736 2615 810 2679 καὶ
829 2618 957 2681 acroi
980 2613 1343 2699 aarapppsuoipc'a·

250 2744 320 2787 ναι
351 2724 709 2805 συλλογίζονταιε
740 2728 801 2811 ipsi
834 2724 1014 2792 ratiocinari
1046 2728 1164 2791 demum
1184 2726 1350 2808 incipissit,

251 2849 320 2896 cnm
343 2852 444 2897 secum
465 2835 527 2898 iam
547 2835 733 2899 damnorumt
751 2854 789 2898 ea
817 2853 896 2918 quae
919 2835 1097 2899 examinare
1119 2836 1239 2898 volunt.
1276 2825 1350 2897 “dcc

251 2934 362 3001 δοκεΐ”
383 2948 433 3004 est
449 2942 584 3006 formula
604 2960 685 3024 quae
705 2961 726 3005 a
746 2941 897 3008 indicibus
918 2947 1012 3004 anta
1045 2939 1192 3003 concione
1213 2958 1352 3021 pronun·

251 3046 327 3111 tisri
351 3049 439 3127 solet,
460 3049 494 3111 id
516 3050 597 3131 quod
626 3052 708 3131 sugit
728 3050 923 3130 interpretes.
966 3066 1019 3111 eos
1042 3049 1163 3112 Glauco
1180 3049 1350 3129 reprehen-

188 3162 189 3166 ’
250 3152 298 3218 dit
321 3155 373 3237 ouri
402 3156 435 3219 in
466 3156 661 3237 expiscandis
689 3157 855 3220 contrariis
884 3162 949 3220 tam
977 3156 1056 3220 certi
1072 3156 1133 3219 siti
1153 3153 1300 3219 videntur
1320 3162 1354 3219 et

251 3269 316 3328 mm
337 3282 445 3327 secure
466 3271 587 3347 egunt,
616 3283 706 3347 quam
729 3265 777 3328 iili
800 3265 853 3347 qui
880 3264 913 3328 in
944 3264 1057 3327 iudicio
1078 3264 1129 3326 vel
1150 3264 1183 3326 in
1202 3265 1352 3327 concione

253 3373 437 3456 sententiam
457 3393 543 3438 suam
556 3381 814 3458 praeconceptam
833 3392 936 3438 secrmr
948 3373 1089 3453 adenmt,
1110 3392 1173 3436 uon
1184 3391 1226 3439 ex
1245 3391 1352 3437 rerum

253 3482 445 3564 expositione
464 3481 638 3568 hauriunt.-

190 3578 191 3581 '
337 3589 539 3652 τοῦτοδὲ
571 3585 759 3651 πέπονθε
784 3582 834 3649 τὰ
866 3586 967 3668 περὶ
990 3579 1174 3668 Ἰκάριον
1196 3578 1350 3648 »εἶναι

225 3779 226 3782 ¹
251 3689 432 3761 Ἰκάδιον
453 3698 542 3760 ἀλλ’
565 3696 641 3759 οὐκ
659 3690 857 3778 Ἰκάριονε
878 3698 927 3760 iili
946 3699 987 3760 ad
1009 3698 1205 3781 quaestiones
1225 3699 1349 3761 solven-

253 3806 312 3870 das
332 3808 465 3889 prompti
496 3806 694 3889 quaenunt,
715 3824 771 3868 cur
792 3804 995 3869 Telemachus
1017 3806 1057 3868 ad
1079 3811 1201 3886 patrem
1220 3804 1348 3867 inuesti-

255 3915 390 3997 gandum
410 3914 643 3977 Lacedaemona
670 3915 826 3994 profectus
847 3913 888 3976 ab
908 3914 1041 3976 Homero
1063 3911 1096 3975 in
1117 3918 1228 3996 quarta
1250 3913 1348 3990 (idys-

255 4040 328 4085 seae
348 4022 516 4105 rhapsodia
536 4023 574 4085 ad
599 4023 782 4101 Menelaum,
804 4041 867 4084 non
889 4021 930 4084 ad
951 4040 1043 4084 auum
1064 4021 1195 4107 Icarium
1219 4021 1347 4083 Penelo-

255 4148 316 4210 pae
335 4130 539 4193 matrissuae
567 4135 696 4210 patrem,
731 4129 908 4193 deducatur.
960 4129 1041 4193 hanc
1062 4129 1276 4192 difficultatem
1292 4127 1346 4191 'irie
1442 4116 1445 4125 ’

256 4243 369 4302 nostru
381 4238 427 4302 sie
447 4238 557 4302 soluit:
578 4236 696 4302 Icarius
716 4255 779 4301 oon
800 4236 859 4301 tuit
878 4228 1140 4303 nanuaenonius
1158 4237 1216 4301 sed
1238 4237 1273 4302 in
1286 4234 1347 4299 tie-
