2892 4917
321 286 362 351 m
384 284 587 349 normann
609 283 768 349 carus.
784 283 828 365 c.
850 286 940 346 r-a
1106 287 1175 358 ιιι

82 473 238 558 ΙιῑιιιιιΙιΙιιιιι
269 473 356 535 artis
389 471 576 533 statuariae
610 474 768 550 peccatum
794 468 916 549 (equum
940 467 1025 530 illum
1048 473 1177 549 auoque

81 584 160 665 pede
183 582 294 644 dextro
317 579 471 661 proiecto)
505 579 555 640 vel
580 578 709 639 aliarum
738 577 849 639 artium
868 583 1005 657 peccata,
1025 575 1094 657 ipsa
1114 595 1177 638 non

82 688 232 773 peccavit.
275 703 332 766 per
353 677 409 742 τὸν
432 680 527 743 ἵππον
551 670 652 762 ἄμφω
666 676 704 739 sd
727 673 815 751 δεξιά
838 671 1178 766 apoplesslaua'tadesi.

79 797 176 881 gnari
198 794 325 857 coniicio
348 791 450 854 nobile
469 789 680 853 cuiusdamt
650 788 795 856 statuarii
816 808 896 870 opus
914 789 1027 870 insigni
1048 789 1124 851 vitio
1145 790 1179 852 in

82 905 213 988 pedibus
243 898 424 981 effingendis
457 896 617 960 commisso
649 897 854 974 illustratum,
876 896 1154 977 quemadmodum
1145 915 1179 960 ιιι

82 1014 176 1076 luorto
198 1006 450 1089 schweningeosi
482 1023 579 1087 prope
608 985 835 1067 lilanolremium
855 1004 969 1084 Apollo
999 1004 1108 1067 visitur
1128 1005 1179 1085 qui

83 1123 187 1198 lyram
217 1116 342 1180 dextra
372 1129 468 1177 mana
498 1119 592 1177 tenet
640 1112 712 1175 inde
746 1118 831 1194 patet
860 1113 988 1193 primum
1019 1131 1074 1175 cur
1107 1114 1184 1163 TON

1 1209 12 1242 ⁶
85 1228 181 1290 i'uacr
215 1191 395 1305 scripserit,
425 1220 535 1283 deinde
567 1239 623 1283 cur
645 1227 716 1301 post
738 1212 795 1278 τὸν
823 1219 946 1279 ἵππον.
972 1261 980 1278 .
1004 1222 1180 1299 προβεβλη-

86 1329 164 1394 xtra
182 1331 326 1395 contiuuo
349 1328 498 1391 adiecerit
518 1316 588 1405 ἢτὸ
614 1326 688 1385 καθ’
708 1317 890 1404 ἑκάστην
913 1326 1058 1406 τέχνην
1076 1320 1182 1405 incip.

87 1443 247 1520 tpaa.'-
295 1431 318 1517 ἢ
350 1429 538 1495 ἀδύνατα
570 1433 822 1511 adnotarat:
852 1431 938 1517 quae·
965 1435 1185 1517 impossibilia
1302 1477 1310 1496 ,

96 1545 232 1612 admisit
255 1545 322 1608 sire
334 1562 413 1627 quae
426 1542 629 1634 impassibilia
650 1542 793 1605 excidere
810 1539 876 1605 sibi
896 1550 1057 1624 passaesc
1080 1564 1185 1627 quarn-

91 1675 182 1739 quam
206 1657 306 1717 forma
317 1652 417 1715 media
439 1652 484 1714 sic
503 1650 723 1733 quodammodo
746 1656 847 1731 potest
864 1653 1005 1714 excusari
1020 1651 1064 1732 ⁵),
1082 1660 1185 1717 tamen

90 1771 147 1828 aut
167 1766 254 1825 locus
274 1780 337 1824 non
359 1778 464 1834 sanus,
483 1764 537 1822 aut
566 1758 771 1839 interpolator
790 1759 823 1821 in
844 1761 934 1841 culpa
956 1780 1024 1823 esse
1044 1761 1187 1826 videatur

90 1871 173 1955 quod
196 1868 360 1948 πεποίηται
388 1867 491 1949 posuit
513 1883 571 1947 pro
605 1864 770 1945 πεποίηκε,
790 1869 973 1947 praesertim
996 1889 1063 1931 curn
1084 1871 1188 1934 statim

90 1975 260 2058 πεποίηται
291 1975 415 2057 passivo
449 1974 607 2038 intellectu
639 1973 851 2055 subsequatur.
907 1977 957 2057 qui
983 1975 1022 2035 εἰ
1043 1953 1187 2037 dirivare

91 2082 261 2166 πεποίηται
294 2060 502 2143 droconis
533 2082 702 2159 dederunt,
722 2061 777 2144 'eos
798 2083 884 2165 sequi
906 2085 1001 2164 nolui,
1022 2092 1188 2168 propterea

92 2194 174 2277 quod
194 2211 216 2256 a
236 2192 390 2255 codicibus
410 2190 535 2272 longius
556 2190 738 2253 desciscunt.

184 2299 213 2382 §.
234 2303 265 2364 5.
307 2290 410 2360 olore
442 2297 533 2359 dcc*-
547 2290 686 2362 licto:
709 2300 738 2361 si
758 2300 1022 2381 reprehenduntur
1042 2306 1191 2370 nonnulla

96 2408 141 2472 in·
154 2409 286 2491 quodam
312 2407 390 2470 artis
418 2407 556 2488 poeticae
576 2425 669 2490 opere
695 2425 715 2470 a
734 2409 943 2489 quaestionum
965 2412 1117 2474 subtilium
1139 2433 1191 2476 ca-

95 2517 290 2600 ptatoribus,
323 2516 363 2579 ad
384 2516 545 2578 diluendas
575 2516 830 2598 reprehensiones
861 2537 1011 2600 quaerere
1031 2523 1191 2600 convenit,

99 2634 202 2689 utrum
225 2644 278 2687 ars
300 2623 451 2705 (poetica)
472 2625 541 2706 ipsa
556 2626 731 2707 peccaverit
751 2645 792 2689 an
812 2636 968 2708 peccatum
988 2629 1028 2691 alr
1048 2630 1192 2693 alianrte

95 2739 254 2814 acceptum
277 2732 508 2814 propagaverit.
565 2733 637 2815 quid
659 2734 864 2797 excusationis
893 2743 924 2797 et
945 2738 1067 2818 quando
1089 2741 1193 2819 proie-

97 2842 226 2905 rendum
246 2843 295 2918 sit,
313 2840 366 2902 ubi
388 2858 441 2903 ars
461 2840 530 2921 ipsa
560 2837 701 2900 ἀδύνατα
722 2844 915 2923 commiserit,
940 2846 1084 2908 continuo
1105 2848 1194 2909 docet

98 2948 204 3011 verbis
224 2945 350 3023 πρῶτον
377 2936 610 3024 μέν-Ἕκτορος
641 2942 758 3019 δίωξις.
881 2943 922 3009 τό
945 2945 1023 3030 γὰρ
1045 2952 1194 3026 τέλος.

100 3056 220 3115 ποιεῖ
234 3052 376 3132 piper:
397 3053 525 3134 respicit
549 3071 628 3134 quae
651 3056 744 3135 paulo
764 3063 836 3119 ante
858 3059 898 3139 (c.
913 3064 964 3137 24,
978 3059 1014 3139 8)
1037 3063 1118 3143 apud
1142 3082 1194 3125 ve-

100 3182 169 3226 rum
189 3161 388 3224 Aristotelem
418 3162 515 3243 legit,
533 3162 614 3223 unde
636 3182 798 3244 perperam
820 3168 941 3249 colligit
966 3170 1071 3251 spicue
1093 3172 1195 3252 poesis

99 3273 192 3334 linem
220 3276 342 3333 esseut
374 3269 605 3333 admirationem
624 3272 719 3334 faciat
744 3266 793 3352 (cd
829 3272 1042 3357 ἐκπλήττειν),
1063 3278 1095 3340 id
1115 3279 1196 3360 quod

103 3380 289 3443 Aristoteles
318 3396 467 3459 nusquam
498 3378 576 3440 dixit
610 3398 708 3461 neque
729 3381 831 3444 dicere
849 3385 957 3464 potuit.
999 3386 1079 3449 idem
1097 3389 1196 3452 falsus

1 3569 3 3578 y
103 3494 216 3551 auctor
248 3506 289 3549 cx
309 3487 378 3547 loco
410 3485 543 3549 indicato
564 3489 736 3569 exemplum
762 3490 839 3551 illud
861 3510 947 3554 suum
968 3495 1114 3576 sumpsit,
1141 3496 1196 3557 sed

1 3587 3 3598 ’
103 3601 168 3659 tam
188 3596 319 3659 obscure
332 3594 537 3675 breviterque,
558 3599 590 3657 ut
605 3594 755 3660 hominem
775 3598 864 3661 decet
881 3599 914 3662 in
939 3602 1088 3683 exemplis
1109 3602 1197 3666 unice

104 3711 279 3767 versantem
301 3709 333 3766 ct
353 3702 431 3765 nihil
452 3704 536 3766 ultra
556 3706 697 3787 exempla
711 3707 889 3788 sapientem.
910 3744 951 3754 -
993 3707 1032 3769 εἰ
1049 3709 1197 3787 μέντοι

104 3805 146 3871 τὸ
169 3809 421 3891 τέλος-περὶ
439 3803 600 3872 τούτων
622 3808 797 3894 ripuar:
828 3816 861 3879 in
884 3815 933 3879 lis
954 3817 1083 3900 primurn
1102 3820 1199 3902 friget

101 3966 386 3994 ——l-——p-——Q

141 4069 171 4143 5)
190 4069 254 4120 Noli
283 4067 431 4120 defendere
459 4069 556 4120 falsum
586 4077 722 4122 arrctorem
752 4073 883 4125 eiusmodi
908 4075 984 4138 locis,
1005 4075 1092 4146 qualis
1111 4076 1178 4128 est
1171 4094 1200 4129 ιιι

214 4166 323 4235 Topicis
341 4164 387 4228 Vl,
401 4160 420 4215 l
442 4165 503 4216 init
520 4165 636 4235 πρῶτον
655 4158 808 4239 altaripa}
829 4162 877 4224 διὰ
894 4175 1041 4244 προτέρων
1059 4175 1107 4226 καὶ
1124 4192 1202 4245 yron-

210 4264 373 4333 ριμωτέρων
389 4266 591 4328 πεποίηται
607 4281 663 4321 aar
668 4262 802 4338 deceptor
892 4333 895 4342 Α
