2892 4917
279 306 347 381 1154
667 312 993 380 coommurhervs

284 497 478 577 inchoabant,
502 498 546 561 eis
558 516 656 581 neque
677 493 932 583 reciperentque
952 500 1056 561 morsm
1075 514 1174 581 neque
1194 491 1378 559 συνεστάναι

283 607 377 670 tribui
398 605 505 688 potuit.
529 598 546 663 ὅ
569 601 712 683 ἐξάρχων
733 613 764 669 et
777 607 886 671 laudes
904 606 956 670 oei
970 612 1002 669 el
1022 605 1291 670 muntinolus
1313 606 1379 668 sul·

269 714 426 796 ramique
455 714 572 795 ligures
607 712 654 775 ita
686 712 864 792 inchoavit,
892 718 930 776 ut
955 713 1053 777 ceteri
1073 718 1270 793 praestantem
1290 713 1375 775 cirea

279 820 393 885 Bacchi
414 838 500 884 aram
518 827 728 903 sequerentur.
769 820 848 884 haee
859 820 901 885 ni
919 820 1108 884 intellectuum
1121 819 1371 885 vocemmeam

278 930 399 994 stotelis
420 929 537 992 dixisse
564 922 716 992 sufficiat:
747 947 813 992 rem
842 930 929 995 illam
948 931 1048 1011 ipsam
1079 946 1120 994 cx
1140 928 1278 991 omanus
1298 935 1372 1011 quot

275 1036 320 1099 el
341 1052 398 1097 nes
432 1041 582 1097 venerunt
613 1035 797 1097 testimoniis
830 1040 968 1098 veterum
995 1035 1180 1117 scriptorum
1214 1035 1371 1116 explicere

277 1145 359 1210 alius
380 1149 428 1205 est
450 1142 685 1224 disputationis,
707 1160 787 1226 quoe
814 1150 923 1207 nostra
953 1149 1057 1207 estete
1079 1142 1231 1206 acerrime
1248 1149 1282 1206 et
1302 1143 1371 1226 egi·

275 1259 346 1315 tata
366 1258 412 1313 est
431 1259 464 1314 et
483 1250 630 1334 agitetur.
1195 1254 1209 1275 ”
1362 1266 1365 1277 ’

316 1408 320 1417 ,
358 1346 646 1435 ῆδὲᾶνιὸτῶε
675 1347 721 1414 ul
754 1345 1015 1433 pellexisset
1035 1347 1158 1436 φαλλὸς
1178 1358 1369 1440 signlm'ffli

273 1465 430 1548 potentiae
457 1462 602 1547 genitalis
631 1461 761 1525 maseuli
791 1462 917 1543 generis
947 1461 1154 1526 animantibus
1181 1482 1368 1545 concessae,

272 1575 320 1637 ita
339 1568 379 1633 τὰ
403 1566 540 1654 muliano}
562 1572 700 1635 earmina
714 1576 788 1634 sunt
802 1571 848 1635 all
867 1564 990 1653 φαλλόν
1010 1572 1042 1634 ΙΙΙ
1062 1588 1182 1655 pompa
1201 1574 1368 1691 ‹lecmmpo

273 1683 440 1764 eademqne
470 1681 511 1744 ad
529 1679 683 1744 Bacchum
712 1680 793 1754 hano
812 1679 874 1743 viro
902 1680 1059 1743 iuvantem
1077 1682 1295 1745 celebrandum
1315 1701 1368 1746 ac·

271 1790 472 1852 commodata.
515 1808 537 1851 e
566 1788 676 1869 priscis
704 1788 770 1851 illis
788 1787 994 1865 hermanum
1018 1788 1066 1852 ita
1087 1789 1213 1852 diversa
1230 1792 1366 1866 merum

269 1904 306 1958 ut
327 1896 457 1977 primum
480 1897 543 1958 vin
566 1895 747 1979 genitricem
769 1894 1009 1976 'praedicerent,
1037 1903 1101 1959 tum
1118 1904 1155 1959 nt
1174 1898 1207 1960 in
1228 1902 1365 1981 pornpuy

272 2022 336 2066 non
357 2004 441 2065 circa
463 2019 575 2078 urum,
595 2004 811 2067 recitarentur.
853 2003 932 2067 haee
944 2003 1170 2067 comissantium
1189 2007 1283 2068 turia
1303 2007 1366 2086 (aa
1435 2032 1436 2053 2

269 2130 380 2175 nomen
401 2108 519 2189 κῶμος)
541 2109 675 2173 hahehet
704 2126 793 2191 quen
813 2101 856 2168 τὰ
878 2103 1017 2190 potueri
1037 2127 1079 2173 ex
1098 2116 1237 2192 tempore
1253 2129 1366 2175 maere
1435 2130 1436 2191 y

267 2229 361 2303 atque
381 2220 499 2282 saltare
520 2214 713 2300 incipientem
733 2210 939 2300 (ἑξάρχσντα)
961 2225 1149 2301 sequeretur.
1190 2219 1263 2282 rluci
1283 2227 1364 2283 cete·

267 2329 372 2411 risque
392 2324 569 2390 cantoribus
591 2344 701 2389 nomen
723 2308 794 2388 erat
813 2321 969 2407 κωμῳδοί,
990 2326 1019 2389 h.
1037 2344 1063 2390 e.
1086 2324 1144 2386 τοῦ
1163 2321 1274 2403 κώμου
1295 2325 1365 2389 αόι.

267 2434 338 2517 «lot,
360 2437 521 2516 sanger
543 2435 612 2497 cles
640 2431 922 2515 (schwarmemlen)
945 2433 1168 2515 Anlzuges.
1210 2436 1285 2499 inde
1308 2454 1364 2519 per

267 2539 506 2622 παρασύνθεσιν
526 2543 640 2605 factum
662 2549 709 2603 cst
732 2543 859 2604 verhmn
888 2540 1047 2623 κωμῳδὲω
1070 2550 1101 2605 et
1121 2562 1231 2606 nomen
1252 2565 1364 2631 κωμῳ·

266 2646 332 2712 ὅιά.
375 2642 516 2731 grassari
544 2647 577 2708 iu
609 2647 666 2709 tali
693 2647 930 2710 comissantium·
948 2648 1040 2712 turha
1061 2655 1109 2710 est
1131 2644 1302 2726 κωμάζειν.
1324 2688 1362 2700 -

266 2749 290 2817 ii
319 2751 383 2817 ἔτι
409 2754 481 2817 καί
508 2749 897 2832 νῦν-νομιζόμεναι
921 2758 978 2821 hos
997 2759 1124 2821 serioris
1146 2760 1257 2823 aeteus
1281 2762 1362 2843 φαλ-

264 2860 425 2946 λοφόρους
443 2867 495 2928 vel
516 2863 717 2946 ἰθυφάλλους
740 2866 904 2957 descripsit
914 2866 1023 2930 Semus
1036 2869 1141 2930 liclius
1161 2869 1243 2949 apurl
1265 2870 1361 2932 Athe-

265 2989 374 3032 naeum
387 2972 469 3035 x1V.
491 2991 520 3052 p.
535 2978 597 3033 622
611 2972 645 3034 C.
667 3008 707 3018 —-
733 2967 815 3031 κατὰ
842 2966 956 3054 μικρὸν
977 2968 1102 3053 ηὐξήθη
1127 2964 1202 3035 ὅσον
1226 2975 1361 3056 ἐγίγνετο
1406 3020 1409 3025 <
1434 2980 1435 3015 3

265 3071 407 3156 φανερὸν
439 3073 562 3155 auris:
594 3077 733 3159 'l'hespin
762 3080 901 3163 aliosque
929 3087 1002 3143 aute
1020 3070 1204 3160 Aeschylum
1232 3092 1359 3177 tragoe-
1434 3114 1435 3167 y

264 3183 384 3245 diarum
406 3183 573 3267 scriptores
594 3185 758 3268 siguificat.
800 3189 974 3251 accuratius
994 3189 1072 3253 haec
1095 3192 1234 3272 quaesi
1256 3192 1360 3258 histo-
1434 3216 1435 3237 ¹

263 3293 349 3356 rium
370 3291 448 3353 artis
468 3291 607 3372 poeticae
629 3292 873 3388 pertinereutin
900 3313 993 3376 opere
1016 3293 1091 3378 περὶ
1111 3296 1250 3377 ποιητῶν
1272 3318 1360 3365 exse·

263 3408 351 3465 cums
368 3401 500 3466 viseum.
896 3416 900 3424 ·

347 3506 377 3588 §.
400 3512 451 3570 13.
487 3522 535 3573 'ex
561 3509 667 3572 mrrltis
696 3510 838 3591 tragicae
866 3508 943 3575 artis
976 3510 1236 3577 vicissitudinibus
1260 3522 1296 3579 et
1313 3517 1359 3579 in·

263 3616 427 3677 crementis
450 3618 581 3699 quinque
601 3612 853 3680 commemorasse
874 3624 1034 3681 contentus
1055 3626 1124 3700 est,
1147 3640 1276 3704 quorum
1297 3626 1359 3688 trie

263 3725 417 3801 Aeschylo
439 3724 604 3803 inventori,
628 3724 689 3784 cluo
705 3723 854 3805 Sophocli
874 3725 1032 3790 amentur.
1065 3727 1204 3807 'primum
1226 3736 1258 3790 et
1280 3733 1360 3794 alte-

263 3850 350 3911 rum,
372 3831 440 3893 dico
460 3818 616 3892 numerum
638 3835 775 3891 actorum
802 3847 898 3911 rusque
922 3831 963 3892 ad
990 3824 1067 3893 duos'
1089 3840 1209 3896 auctum
1222 3828 1265 3898 'et
1286 3856 1359 3919 par-

262 3946 310 4003 tes
332 3938 423 4003 chori
440 3939 622 4016 imminutas,
643 3944 729 4000 arcte
749 3938 831 4000 inter
852 3958 886 4000 se
908 3939 1074 4003 cohaerent
1103 3942 1296 4026 alterumque
1320 3965 1359 4010 ex

261 4051 366 4130 priore
387 4048 509 4130 peurlet
551 4067 622 4121 nam
644 4066 711 4129 cum
743 4046 960 4129 intregoedia
977 4050 1146 4132 ‚Themidis
1168 4073 1246 4115 uuus
1269 4061 1358 4119 actor

261 4164 353 4236 esset,
373 4158 400 4220 is
412 4155 540 4221 nonnisi
561 4173 635 4227 curu>
650 4154 745 4229 choro
762 4156 907 4236 colloqui
935 4162 1000 4225 aut,
1021 4178 1078 4221 sue
1097 4158 1192 4221 choro
1223 4181 1358 4225 narrare

260 4254 401 4348 poterat:
429 4265 485 4328 seri
517 4282 584 4326 cum
616 4264 747 4327 alterum
776 4263 947 4342 Aeschylus
968 4272 1104 4349 actorem
1132 4270 1350 4351 produxisset,
