2892 4917
255 318 318 377 w
640 312 965 380 COMMENTARIVS

256 495 442 578 disputatio:
484 496 511 559 si
536 494 603 577 quis
625 495 802 560 imitandum
827 497 954 578 suscipit
975 497 1056 579 quod
1076 497 1144 559 tieri
1164 496 1287 578 nequit,
1305 496 1353 559 ie'-

254 623 313 684 ges
332 605 410 668 artis
432 605 572 685 poeticae
598 605 774 686 egreditur,
795 606 842 667 sin
870 605 1008 667 imitatur
1030 623 1109 686 quae
1131 610 1202 667 sunt
1224 612 1352 685 peccata

254 712 287 773 in
309 712 373 774 alia
394 718 462 774 arte
493 730 570 794 quae
599 712 722 775 admisit
746 706 909 790 ἀδύνατα,
931 712 990 775 hoc
1010 713 1116 775 vitium
1138 713 1180 775 ad
1199 712 1351 793 poetieam
1410 734 1413 740 ·

254 838 317 882 uon
338 822 479 900 pertinet.
532 820 587 881 sed
618 821 644 883 si
677 821 744 902 quis
778 821 857 883 alius
889 821 966 883 artis
997 811 1141 880 ἀδύνατα
1163 820 1352 883 admittentis

255 932 382 1008 peecata
405 927 551 1006 imitatur,
574 945 676 991 nonne
696 934 728 989 et
759 927 826 1008 ipse
848 927 984 990 imitatur
1005 946 1084 1009 quae
1103 928 1171 989 fieri
1193 948 1258 990 non
1278 948 1352 1008 pos-

254 1038 352 1097 suntt
394 1043 498 1099 cetera
520 1035 690 1099 considera.
743 1032 906 1110 ddvropr'o
940 1041 971 1097 et
990 1035 1101 1097 ceteris
1124 1017 1255 1097 Graccis
1276 1036 1352 1098 seri-

254 1143 395 1223 ptoribus
429 1149 460 1206 et
481 1162 556 1206 vero
575 1142 737 1205 Aristoteli
756 1149 804 1203 cst
830 1144 948 1205 viritem
977 1137 1132 1222 defectus
1151 1143 1202 1223 ‘Ut
1224 1143 1281 1205 scd
1303 1142 1352 1206 hic

256 1270 336 1313 nove
358 1270 426 1314 eam
448 1252 550 1332 posuit
573 1270 630 1333 pro
653 1241 811 1309 αδύνατόν
833 1269 882 1328 τι,
913 1256 947 1312 ut
968 1258 1099 1332 apparet
1117 1270 1158 1314 cx
1178 1250 1207 1331 §.
1230 1254 1279 1331 5.,
1301 1252 1352 1314 ubi

254 1361 335 1423 hanc
356 1360 535 1423 diuisionem
567 1357 736 1438 respiciens
755 1355 871 1430 *scribit
898 1355 1022 1437 πρῶτον
1046 1361 1121 1436 μὲν,
1151 1347 1193 1417 ἂν
1211 1351 1251 1418 ταὶ
1273 1352 1353 1435 πρὸς

127 1471 137 1496 ’
256 1459 359 1545 αὐτὴν
374 1459 431 1545 τὴν
453 1464 565 1544 τέχνην
587 1458 730 1524 α’ὃύνατα
746 1463 925 1542 πεποίηται,
946 1458 1134 1543 ἡμάρτηται.
1176 1473 1352 1547 corruptum
1376 1511 1379 1516 .

139 1657 141 1662 ,
255 1593 323 1636 csse
344 1592 455 1636 nomen
479 1567 659 1646 α’δυναμνάν
678 1570 906 1651 uudeprobari
924 1570 1023 1653 possit
1043 1590 1101 1654 ego
1121 1592 1185 1635 non
1205 1573 1310 1636 video.

337 1679 468 1742 stas·
485 1673 819 1757 πραβεβληκόταε
841 1697 882 1741 ex
901 1678 950 1742 his
973 1666 1078 1744 verbis
1098 1700 1208 1744 sanam
1228 1689 1352 1745 senten-

254 1790 329 1852 tiam
351 1795 381 1851 et
395 1788 546 1851 Graecam
568 1791 754 1848 structuram
766 1786 901 1862 nondum
923 1786 1037 1849 elicere
1057 1787 1215 1870 quisquam
1235 1789 1351 1870 potuit:
1413 1802 1418 1810 ’

253 1897 341 1960 multi
371 1895 506 1957 editores
539 1894 579 1959 ad
600 1893 794 1978 coniecturas
823 1896 1038 1976 confugerunt,
1059 1896 1114 1958 sed
1136 1914 1215 1978 quae
1237 1897 1350 1961 dedere

254 2025 317 2068 non
338 1983 501 2082 sufficiunt,
522 2004 589 2067 sire
616 2002 800 2065 sententiam
819 2003 948 2085 respicis
979 2004 1046 2067 sive
1066 2004 1180 2068 Graeci
1200 2007 1353 2070 sermonis

253 2118 341 2194 leges
363 2121 393 2176 et
412 2119 564 2176 naturam.
607 2131 666 2193 ego
687 2111 758 2173 dedi
783 2129 851 2174 eum
869 2112 932 2176 loci
964 2111 1101 2176 habitum
1122 2133 1211 2197 quem
1228 2115 1353 2180 Betilie-

253 2242 307 2287 rus
330 2241 370 2286 ex
390 2221 526 2286 codicum
543 2219 726 2284 auctoritate
745 2218 899 2297 restituit,
922 2219 977 2281 sed
999 2222 1105 2284 nesio
1126 2221 1248 2304 quidem
1270 2225 1351 2287 tole·

158 2380 161 2385 .
255 2331 365 2393 rabilis
389 2319 541 2393 sententia
561 2345 660 2410 neque
686 2327 770 2390 iusta
793 2331 949 2389 structura
977 2327 1140 2391 verborum
1160 2329 1270 2410 oritur,
1293 2332 1353 2396 nisi

254 2439 352 2502 verba
372 2438 458 2501 uncis
489 2457 511 2500 a
530 2455 578 2499 me
601 2435 791 2498 circumdata
810 2435 968 2497 tollentur.
1026 2435 1082 2498 sed
1102 2436 1180 2500 daec
1200 2437 1271 2519 ipsa
1294 2458 1352 2521 quo

253 2567 328 2611 casu
348 2551 424 2610 nata
442 2547 537 2608 suntt
578 2544 677 2606 hoec:
699 2543 850 2606 adversus
868 2542 946 2606 haec
966 2543 1064 2609 verba
1084 2544 1115 2606 ei
1135 2544 1172 2605 δέ
1194 2546 1352 2631 (intellige

252 2653 422 2735 apotamo,
437 2647 661 2732 μιμήσασθαι)
682 2645 738 2712 τὸν
767 2650 861 2711 ἵππον
883 2641 983 2731 ἄμφω
1003 2647 1042 2712 τα
1065 2647 1150 2727 δεξιὰ
1173 2637 1352 2738 προβεβληζ

253 2755 329 2822 κύνα
349 2763 382 2825 in
401 2762 542 2844 margine
563 2759 680 2843 antiqui
700 2759 856 2822 cuiusdam
892 2759 966 2822 libri
989 2760 1101 2843 aliquis
1122 2761 1350 2828 adnotavitat

247 2868 514 2949 προελέσθαι
534 2863 588 2947 μή
616 2861 770 2947 ὀρθῶς,
798 2868 952 2954 ιιῐιίααὶοῐ
971 2868 1044 2932 inde
1065 2869 1198 2933 dmcerm
1218 2872 1291 2954 quid
1311 2874 1353 2937 sit

254 2981 331 3044 iilud
352 2979 451 3060 quode
471 2979 505 3041 in
534 2976 682 3058 proximis
704 2976 925 3057 disputaretur.
979 2996 1058 3060 quae
1088 2980 1186 3043 verba
1206 2999 1274 3044 erno
1295 3000 1351 3064 per
1389 3003 1393 3010 ’

254 3104 395 3148 errorem
414 3084 572 3147 contextui
585 3076 676 3146 illata
698 3089 810 3163 essent,
829 3090 988 3147 corrector
1002 3085 1124 3167 quidam
1146 3088 1255 3154 addita
1274 3110 1351 3154 voce

256 3188 337 3253 aare
368 3193 431 3255 loci
459 3191 576 3255 hiatum
596 3190 715 3252 sarcire
745 3209 780 3252 se
799 3209 892 3271 posse
914 3194 1044 3273 putavit.
1087 3192 1118 3254 εἰ
1137 3194 1173 3256 δὲ
1195 3190 1233 3255 τὸ
1257 3216 1351 3278 apos·

255 3302 368 3364 λέσθαι
386 3295 430 3381 μή
454 3290 560 3377 ὀρθῶς
580 3305 664 3362 certe
684 3299 746 3364 dici
765 3318 828 3374 non
846 3306 949 3381 potest
969 3321 1026 3383 pro
1055 3298 1085 3361 εἰ
1106 3301 1142 3362 δὲ
1163 3297 1200 3363 sd
1221 3305 1352 3384 nposts'·

255 3410 335 3469 σθαι
356 3403 400 3489 μή
432 3404 539 3488 ὀρθῶς
570 3400 683 3487 ἔχει,
707 3426 745 3469 ac
764 3414 928 3488 praeterea
951 3409 996 3473 sio
1018 3411 1211 3474 accusativus
1230 3414 1283 3494 qui
1303 3432 1352 3477 se·

257 3519 359 3600 quitur
383 3510 452 3598 (τόν
474 3514 581 3595 ianoe)
614 3516 694 3579 unde
717 3516 851 3596 pendeat
876 3536 940 3580 non
970 3516 1085 3582 habet:
1112 3525 1245 3603 utraque
1266 3522 1350 3586 diiii.

254 3627 354 3688 multas
373 3625 498 3688 ratione
520 3645 540 3687 a
560 3624 649 3688 nobis
669 3623 748 3687 inita
771 3625 918 3689 vanescit
961 3626 1127 3706 disputatio
1150 3636 1253 3692 autem
1272 3649 1350 3714 quae

258 3734 319 3797 iam
340 3734 443 3813 prodit
457 3734 516 3796 hoc
535 3733 657 3795 homine
677 3732 757 3796 satis
778 3733 874 3815 digna
893 3724 960 3798 est:
990 3734 1018 3797 si
1038 3736 1160 3815 poetica
1182 3739 1262 3820 quod
1281 3741 1349 3804 tieri

256 3841 361 3925 nequit
381 3841 557 3905 imitandum
577 3840 644 3906 sire
660 3840 893 3934 describendum
910 3841 1055 3925 suscipit,
1076 3844 1145 3926 ipsa
1165 3854 1283 3928 peceat,
1301 3848 1350 3913 sin

257 4068 493 4084 Wo—

290 4180 320 4255 4)
337 4180 406 4234 Vide
424 4181 675 4254 Motophpsicorum
693 4184 783 4237 412.
803 4202 831 4256 p.
845 4185 940 4239 101911
957 4187 997 4239 15.
1017 4189 1087 4266 conf.
1108 4190 1139 4241 Θ.
1158 4188 1184 4242 2.
1205 4203 1232 4258 p.
1253 4181 1348 4241 1040·

256 4311 260 4318 ·
354 4275 398 4332 29.
426 4284 450 4334 1.
473 4278 513 4340 102
534 4295 561 4356 p3
582 4278 678 4334 taath
696 4280 741 4333 27.
