2892 4917
232 293 297 355 m
618 285 946 353 comminius

234 473 354 558 ingenii
373 473 515 553 confisus,
529 473 684 537 translato
696 472 836 538 aeonae
851 471 926 538 libri
940 471 1092 556 principio
1105 471 1147 534 ad
1160 470 1331 553 δοσίιπισι,

230 589 384 666 umquam
406 581 465 645 boe
484 581 604 645 initimu

356 681 447 750 ἄλλοι
461 687 521 767 μέν
537 682 583 770 ῥα
601 681 753 768 aeoles
773 683 1332 768 καίύνὲρεςὶπποιιορνσταί

353 787 449 858 εὗδον
472 792 652 877 παννύχιοι,
674 796 808 881 μαλακῷ
827 795 1017 877 δεδμημένοι
1038 789 1144 881 ύπνιρ,

230 909 311 973 libro
335 908 461 972 deciam
482 895 630 970 idomenus
659 908 827 990 posuisset,
858 906 917 969 boe
946 906 1043 989 igitur
1070 906 1145 969 falsi
1165 905 1332 969 admittens

229 1024 261 1080 et
280 1037 322 1081 ex
339 1011 507 1094 παννύχιοι
539 1035 649 1079 nomen
667 1013 785 1087 πάντες
804 1015 862 1079 sibi
885 1021 1090 1098 extorquens,
1111 1016 1235 1078 tandem
1254 1015 1332 1078 iusi·

228 1127 284 1209 gui
305 1126 432 1190 libidine
453 1124 513 1187 boo
534 1124 595 1187 iste
615 1125 673 1188 sibi
686 1124 851 1208 uidebatur
864 1130 1023 1187 assecutus
1044 1142 1122 1201 esse,
1143 1130 1179 1186 ut
1191 1125 1326 1187 eiusdem

226 1234 298 1299 libri
314 1213 385 1314 (lt)
406 1252 523 1315 versus
539 1239 665 1312 11·13.,
687 1232 741 1296 ubi
762 1232 801 1295 de
821 1233 1052 1315 Agamemnone
1073 1233 1134 1296 boc
1150 1236 1287 1300 refertur

352 1330 424 1421 ἦτοι
446 1333 491 1402 ὅτ’
513 1339 545 1412 ἐς
566 1339 675 1404 πεδίον
695 1335 730 1404 τό
757 1336 906 1422 Τρωϊκόν,
920 1336 1111 1421 άθρήσειεν,

351 1444 519 1526 θαύμαζεν
533 1443 621 1530 πυρά
644 1444 754 1531 πολλά,
774 1445 815 1511 τά
837 1447 941 1513 καίετο
956 1449 1065 1513 Ἰλιόθι
1086 1447 1157 1533 πρὸ,

224 1547 226 1551 ⁴
317 1575 320 1585 ·
352 1553 462 1619 αύλῶν
481 1556 638 1638 συρίγγων
661 1556 688 1619 τ’
718 1554 836 1639 ἐνοπὴν
855 1553 978 1637 ὅμαδόν
997 1559 1024 1620 τ’
1047 1556 1245 1641 antoniano,

225 1671 274 1735 illi
292 1669 442 1753 principio
460 1668 540 1751 quod
556 1670 690 1732 iunxerat
709 1686 885 1750 repugnare
902 1669 1059 1754 imperitos
1075 1676 1107 1733 et
1119 1672 1259 1734 incautos
1280 1671 1329 1733 lo-

227 1786 329 1844 ctores
341 1779 452 1841 docere
467 1783 581 1859 posset
597 1775 713 1839 scilicet
721 1776 750 1838 si
762 1784 891 1857 excepto
899 1778 1130 1861 Agamemnone
1142 1781 1237 1842 ceteri
1251 1785 1284 1842 et
1297 1778 1329 1842 di

225 1896 257 1952 et
273 1889 411 1951 homines
427 1886 644 1966 dormitabant,
664 1886 716 1968 qui
735 1885 803 1948 tieri
818 1892 949 1968 poterat,
968 1893 1003 1952 ut
1014 1890 1071 1951 ille
1082 1888 1225 1953 tibiarum
1241 1892 1327 1952 tistu-

225 1999 385 2080 iarumque
405 1997 438 2059 iu
463 1995 574 2058 castris
587 1996 733 2059 Troianis
749 2014 856 2058 vocem
876 2002 968 2078 atque
987 1995 1152 2061 clamorem
1172 1998 1328 2061 bominum

226 2108 367 2171 audircti
390 2106 452 2169 iam
468 2106 577 2168 aderat
598 2096 716 2190 α’πορία
735 2104 813 2166 miro
829 2105 959 2167 artificio
973 2112 1150 2189 procreata,
1171 2124 1261 2188 qnam
1283 2107 1329 2170 ita

225 2216 320 2279 solvit
341 2221 376 2278 ut
396 2233 505 2278 nomen
528 2207 642 2284 πάντες
663 2213 695 2277 iu
708 2232 801 2286 uersu
822 2214 879 2277 illo
903 2214 1007 2295 (m)
1029 2216 1069 2277 ab
1092 2216 1159 2297 ipso
1182 2234 1222 2278 ex
1245 2235 1326 2273 παν.

223 2324 329 2406 νύχιον
349 2327 465 2389 iactum
486 2332 516 2388 et
530 2327 632 2389 fictum
654 2343 716 2388 nou
736 2323 825 2406 fungi
840 2323 933 2388 solito'
948 2343 1003 2386 suo
1022 2341 1147 2387 munere
1168 2325 1223 2388 sed
1247 2325 1326 2389 idem

223 2455 293 2499 esse
320 2435 405 2519 quod
433 2428 549 2494 πολλοί
574 2439 733 2498 statueret.
784 2438 881 2495 totum
901 2432 1005 2514 igitur*
1021 2450 1081 2515 quo
1102 2432 1157 2494 ille
1179 2452 1253 2495 usus
1275 2439 1323 2495 est

223 2545 384 2609 artificium
406 2562 442 2606 eo
468 2543 610 2621 recurrit,
631 2549 666 2604 ut
687 2542 720 2605 in
745 2542 874 2605 exordio
895 2541 968 2604 libri
989 2540 1109 2605 δεούιπύ
1131 2548 1262 2626 poneret
1281 2538 1324 2622 ῥα

223 2648 299 2713 θεοί
315 2672 349 2713 τε
371 2649 429 2712 καί
449 2648 560 2729 ἄνδρες
581 2642 814 2728 ἱπποκορυσταί
832 2657 985 2735 sumptum
1006 2668 1046 2713 ex
1066 2649 1102 2713 B.
1121 2656 1170 2729 1.‚
1200 2650 1253 2714 ubi
1271 2650 1323 2713 de-

222 2743 289 2826 buit
321 2753 410 2839 παρὰ
441 2757 552 2840 νηυσίν
583 2754 732 2838 ἀριστῆες
759 2758 972 2837 Παναχαιῶν.
1026 2758 1081 2822 sed
1113 2757 1140 2821 si
1169 2760 1218 2821 cui
1247 2759 1323 2822 baec

223 2869 493 2951 grammaticorum
511 2869 579 2931 sive
598 2868 714 2932 astutia
730 2868 797 2930 siue
817 2867 1005 2949 impudentia
1018 2865 1109 2929 nimis
1123 2867 1203 2930 mira
1215 2866 1322 2930 videa-

224 2986 285 3058 tur,
305 2980 333 3042 is
353 2980 454 3062 magis
475 2980 568 3042 etiam
589 2979 768 3058 mirabitur,
790 2979 816 3041 si
849 2979 1012 3042 resciverit
1032 2998 1111 3062 quae
1132 2979 1180 3042 illi
1202 2980 1236 3042 in
1257 2980 1320 3042 ido-

224 3087 300 3150 meri
320 3087 506 3150 carminibus
526 3087 594 3149 ausi
615 3087 687 3165 siut,
707 3092 743 3147 ut
764 3082 901 3163 ύποριάς
922 3106 994 3150 suas
1017 3092 1047 3149 et
1068 3084 1174 3157 λύσεις
1194 3094 1319 3169 possent

225 3211 418 3277 expromere.
458 3212 529 3257 nam
552 3211 630 3256 uuus
652 3192 764 3275 aliquis
780 3211 886 3256 eorum
905 3195 983 3257 adeo
1005 3211 1114 3259 versus
1140 3192 1265 3261 iliadis
1288 3194 1319 3260 Y.

226 3308 376 3366 roa-2⁷2.
399 3302 544 3379 inseruit,
572 3307 607 3363 ut
626 3300 723 3364 tradit
745 3299 938 3364 Aristonicus
957 3302 992 3366 in
1014 3300 1164 3367 Scholiis
1184 3305 1225 3367 ad
1247 3303 1276 3368 b.
1298 3303 1320 3368 l.

221 3408 411 3471 disterianae
433 3409 536 3489 στίχοι
558 3400 595 3488 δ’,
616 3397 666 3469 ὅτι
689 3406 950 3484 διεσκευασμένοι
973 3401 1135 3469 sisintiaci
1156 3429 1241 3481 τινος
1259 3409 1321 3470 τάν

223 3517 424 3595 βουλομένων
444 3538 495 3596 πρ
508 3512 677 3597 ό-βλημα
700 3521 810 3576 ποιεῖν.
833 3517 888 3579 sed
907 3517 1001 3598 plane
1022 3517 1062 3581 ad
1083 3518 1164 3582 banc
1184 3526 1321 3581 nostram

223 3645 348 3690 cauisam
364 3626 484 3689 accedit
503 3625 583 3709 quod
607 3625 688 3688 idem
707 3624 897 3686 Aristonicus
919 3632 1029 3689 narrat
1049 3626 1091 3689 ad
1110 3623 1153 3690 11.
1180 3626 1223 3689 K.
1246 3631 1318 3692 3722

222 3728 242 3813 ἡ
266 3730 371 3813 διπλῆ,
394 3723 441 3793 ὅτι
462 3732 606 3803 θέλοντες
628 3723 789 3810 ζήτημα
812 3735 914 3791 ποιεῖν
932 3725 1262 3815 μεταγράφουσι
1284 3728 1318 3793 τύ

221 3832 525 3927 ἦμιστιχιονούτως
542 3836 620 3899 “aod
638 3831 735 3917 βάλεν
756 3834 824 3898 οὐδ’
846 3832 1045 3919 ἀφάμαρτεν,
1067 3831 1147 3901 ἑκών
1167 3840 1197 3901 δ’
1218 3832 1322 3920 ἦμάρ.
1363 3857 1365 3864 ’

223 3970 298 4010 τανε
321 3940 458 4031 amede?
509 3948 588 4029 apud
611 3948 775 4010 Homerum
797 3954 845 4010 est
864 3935 887 4028 ἦ
908 3942 977 4027 ῥα,Ι
1000 3943 1055 4010 καί
1076 3944 1170 4028 ἔγχος
1191 3946 1319 4029 α’φῆιιεν,

223 4049 304 4116 ἑκών
326 4056 354 4115 δ’
376 4050 539 4135 ἡμάρτανε
561 4048 677 4137 φωτός.
699 4058 780 4119 conf.
802 4056 948 4121 laebrsius
970 4043 1227 4122 &Aristarchi
1247 4062 1316 4121 stu-

228 4163 295 4228 dtis
319 4160 508 4229 Homericis
537 4183 567 4247 ρ.
588 4170 651 4228 210
663 4183 708 4247 sq.
754 4170 788 4227 ut
812 4184 886 4228 vero
917 4165 1015 4228 omnis
1047 4165 1086 4226 de
1107 4164 1320 4247 explicationis

226 4289 311 4336 meae
326 4273 457 4337 veritate
469 4272 619 4337 dubitatio
639 4279 844 4354 remoueatur,
865 4275 988 4338 tertium
1001 4273 1129 4339 afferam
1148 4274 1319 4356 exemplum
