2892 4917
250 312 292 370 ιο
534 263 540 272 ’
623 301 974 369 Aramorraorr

250 487 335 561 λονς,
356 476 512 565 ἑξάμετρα
534 481 571 544 δὲ
596 473 736 561 ὀλιγάκις
750 483 807 544 καί
825 481 1021 562 ἐκβαίνοντες
1042 481 1098 564 τῆς
1117 480 1261 566 λεκτικῆς
1283 476 1343 564 dp·

249 597 394 678 port'oeg)·
448 594 496 661 ἔτι
518 599 554 662 et
581 596 767 662 ἐπεισοδίων
795 596 903 681 πλήθη
923 592 1036 661 καὶτὰ
1059 589 1141 660 ἄλλα
1163 595 1205 671 ὠς
1224 575 1344 660 ἕκαστα

205 709 447 798 ιὸκοσμηθηναι
479 711 614 797 λέγεται.
667 713 744 796 περὶ
771 715 832 794 μὲν
863 704 920 777 οὖν
949 710 1072 776 τούτων
1103 709 1343 777 taratantara

248 825 326 912 ἡμῖν
343 830 514 913 εἰρημένα·
565 825 646 893 πολι)
670 827 733 912 γὰρ
757 823 797 894 δν
820 825 898 902 ἴσως
918 823 1009 910 ἔργον
1029 823 1077 911 εἴη
1099 826 1250 904 διεξιέναι
1272 828 1343 890 καθ’

249 943 388 1007 ἕκαστον.
1352 941 1369 994 5

327 1060 373 1125 ‘H
390 1062 425 1123 δὲ
447 1059 598 1147 κωμῳδία
618 1060 715 1139 ἐστίν,
747 1054 855 1144 ὥσπερ
876 1056 1014 1139 εἴπομεν,
1033 1060 1166 1142 μίμησις
1186 1061 1382 1144 ‹ponderi-5

249 1198 316 1259 ροον
334 1181 415 1257 μέν,
449 1176 489 1237 ον’
506 1177 614 1256 μέντοι
633 1171 712 1240 κακοὶ
733 1178 840 1239 πᾶσαν
861 1176 995 1257 κακιάν,
1020 1171 1102 1240 ἀλλὰ
1124 1179 1185 1239 τοῦ
1205 1177 1344 1259 αἰσχροῦ

249 1294 322 1357 ἐστι’
343 1289 380 1357 νδ
411 1300 534 1376 γελοῖον
551 1292 674 1377 μόριον.
723 1290 758 1358 τὸ
778 1292 840 1378 γοὶρ
870 1291 991 1378 γελοῖόν
1010 1294 1097 1359 ἐστιν
1116 1288 1289 1377 οἷμοὶρτημδ
1313 1315 1345 1355 τι

206 1419 211 1426 ’
249 1407 306 1475 καὶ
334 1403 447 1494 αἶσχος
474 1408 636 1474 α’νοὶδονον
660 1406 716 1473 καὶ
743 1409 783 1473 οδ
807 1405 1007 1496 φθαρτικόν,
1027 1400 1092 1473 οἷον
1115 1406 1217 1485 edeta
1236 1406 1272 1473 τὸ
1294 1430 1345 1491 γε·

249 1534 335 1593 tator
354 1525 525 1611 πρόσωπον
551 1524 687 1609 αἰσχρόν
711 1550 744 1590 τι
764 1528 820 1590 καί
846 1526 1095 1611 διεστραμμένον
1118 1517 1198 1589 ἄνευ
1218 1521 1344 1607 ὀδύνης.
1357 1552 1386 1589 ιο

221 1642 288 1711 not
304 1649 365 1726 μὲν
384 1637 442 1708 οὖν
460 1646 517 1726 τῆς
540 1621 716 1727 τραγωδίας
738 1640 941 1725 μεταβάσεις,
970 1640 1026 1706 καὶ
1046 1644 1087 1706 δι’
1119 1632 1165 1707 οἷν
1190 1641 1344 1724 ἐγένοντο,

250 1762 292 1822 ον’
312 1751 551 1842 λεληθασιν,ἠ”
585 1760 621 1823 δὲ
651 1760 802 1846 κωμῳδία
829 1755 887 1823 διδ
919 1756 953 1823 τὸ
983 1754 1026 1844 μη
1048 1755 1291 1837 σπουδάζεσθαι
1312 1760 1347 1835 ἐξ

250 1873 356 1957 δρχῆς
375 1870 506 1938 ἔλαθεν·
547 1875 604 1938 καί
624 1871 686 1959 γὰρ
706 1871 806 1959 χορὸν
834 1873 996 1963 κωμῳδῶν
1016 1870 1081 1956 ὀψέ
1099 1895 1174 1938 ποτε
1193 1872 1213 1936 d
1235 1866 1346 1956 ἅρχων

250 1990 385 2072 ἔδακεν,
406 1990 477 2054 ἀλλ’
508 1989 674 2056 ἐθελονταὶ
693 1983 784 2073 ἦσαν.
834 1981 895 2075 ἤδη
919 1993 955 2056 δὲ
982 1987 1131 2074 σχήματά
1152 2013 1224 2055 τινα
1245 1966 1347 2073 αὐτῆς

222 2104 386 2192 δὲχοδσης
408 2105 437 2172 οἱ
466 2103 628 2190 λεγόμενοι
649 2102 753 2200 αὐτῆς
772 2109 902 2192 ποιηταί
920 2110 1184 2193 μνημονεύονται.
1237 2109 1286 2182 τίς
1310 2108 1386 2175 δὲι5

249 2221 406 2311 πρόσωπα
427 2226 587 2290 cenetam
603 2217 625 2309 ἢ
644 2219 758 2308 λόγους
772 2216 791 2309 η’
811 2222 918 2310 πληθη
931 2223 1109 2311 ὑποκριτῶν
1124 2224 1181 2288 καί
1193 2218 1255 2287 ὅσα
1279 2246 1347 2286 τοι·

319 2423 345 2475 2.
365 2420 434 2475 ἄλλα
452 2421 490 2482 ὦς
509 2420 608 2473 Attus:
631 2419 721 2481 ἄλλως
739 2421 808 2472 A⁰B⁶
835 2429 864 2474 et
887 2421 917 2474 M
940 2422 1056 2474 x1v16
1079 2431 1108 2473 et
1126 2422 1261 2493 GLPQ,
1289 2421 1348 2476 ἀλλ’

321 2516 361 2576 οἷς
377 2518 406 2568 Μ
424 2518 468 2581 21,
487 2514 554 2568 ἄλλα
571 2517 609 2567 Νι
628 2524 656 2568 et
672 2517 700 2566 M
721 2515 763 2567 14.
882 2516 908 2567 3.
928 2517 1151 2587 περὶ-τοσαῦτα
1176 2516 1280 2570 Aldus:
1300 2535 1347 2569 om

319 2613 428 2663 A013⁰Nt
446 2629 505 2662 otim
525 2613 673 2680 plerisque.
689 2610 744 2662 vid.
766 2610 875 2663 Comm
886 2620 953 2663 ent.
1030 2591 1074 2665 in.
1090 2612 1192 2685 λόγους
1209 2613 1347 2665 Herman-

320 2692 389 2759 πνοι
407 2706 514 2760 codices
531 2707 703 2782 προλόγους.
721 2725 746 2762 v.
767 2707 930 2762 Common
941 2718 960 2761 t.
1014 2733 1016 2738 ·

147 2985 161 3002 κ
251 2906 530 2985 modulationem);
563 2917 728 2990 praeterea
758 2908 973 2992 episodiorum
1002 2910 1094 2992 copia
1123 2922 1155 2974 et
1186 2912 1291 2974 cetera
1311 2921 1348 2974 ut

252 3030 395 3090 quaeque
418 3017 567 3069 exornata
594 3010 754 3071 dicuntur.
798 3011 837 3071 de
857 3010 904 3072 his
926 3012 1023 3094 igitur
1044 3012 1120 3073 haee
1142 3035 1159 3072 a
1181 3014 1270 3075 nobis
1292 3035 1347 3075 ex-

252 3108 353 3191 posita
372 3119 482 3171 sunto:
502 3132 648 3193 magnum
669 3111 751 3172 euim
766 3111 896 3172 forsitan
919 3134 996 3195 opus
1013 3113 1110 3175 suerit
1130 3113 1249 3196 singula
1268 3135 1347 3195 per-

252 3230 399 3270 currere.

336 3310 366 3370 5.
412 3309 583 3372 Comoedia
607 3318 711 3371 autem
732 3319 797 3388 est,
827 3318 863 3370 ut
885 3311 1026 3389 diximus,
1048 3312 1181 3374 imitatio
1205 3313 1347 3375 deterio.

253 3432 325 3470 rum
347 3410 485 3492 quidem,
506 3432 569 3470 non
591 3410 750 3493 tamenin
774 3410 860 3471 omni
881 3411 1032 3472 vitiorum
1054 3434 1178 3495 genere,
1199 3412 1252 3475 sed
1273 3422 1347 3473 tur.

253 3510 402 3591 pitudinis
426 3511 548 3571 nonnisi
563 3532 637 3592 pars
657 3520 702 3572 est
722 3510 902 3572 ridiculum.
925 3534 997 3573 nam
1018 3511 1185 3573 ridiculum
1205 3522 1249 3575 est
1269 3535 1349 3595 pec-

254 3619 360 3672 catum
391 3610 548 3693 quoddam
577 3621 609 3673 et
639 3611 804 3692 turpitudo
840 3611 957 3673 doloris
984 3634 1092 3694 expers
1116 3636 1216 3695 neque
1237 3615 1348 3695 perui..

254 3713 350 3785 eima,
377 3713 459 3774 sicut
478 3713 582 3773 statim
596 3712 728 3774 ridicula
742 3734 878 3795 persona
898 3722 944 3773 est
963 3723 1060 3795 turpe
1079 3713 1155 3797 quid
1178 3723 1210 3775 et
1229 3714 1348 3774 distor-

254 3822 324 3874 tum
344 3813 411 3873 sine
435 3814 553 3874 doloris
582 3813 816 3896 significatione.
865 3813 928 3883 iam
951 3815 1133 3895 tragoediae
1156 3812 1349 3873 immutatio-

254 3934 327 3989 ααο,
357 3913 449 3973 etiam
473 3937 490 3973 a
519 3914 630 3995 quihus
662 3915 763 3975 factae
793 3914 874 3991 sint,
896 3934 959 3973 non
985 3916 1163 3991 latuerunt,
1185 3901 1348 3973 comdedia

255 4022 360 4074 autem
381 4013 583 4096 quodprimo
605 4014 705 4075 minus
719 4014 953 4075 existimabatur
975 4014 1111 4075 delituit:
1133 4013 1248 4074 etenim
1268 4013 1347 4072 eho.

255 4134 327 4174 rum
348 4114 575 4190 conroedopum
597 4136 667 4174 sero
691 4114 817 4176 taudem
841 4113 958 4174 arction
983 4114 1079 4190 dedit,
1101 4113 1153 4174 sed
1178 4113 1349 4173 voluntarii

171 4291 176 4299 .
256 4221 357 4273 erant.
401 4213 454 4274 sed
475 4225 642 4297 postquam
663 4215 725 4275 iarn
739 4217 854 4275 formas
875 4214 1023 4298 quasdam
1043 4222 1135 4274 nacta
1156 4223 1211 4291 est,
1229 4234 1349 4272 memo·

258 4323 370 4379 rantur
391 4316 445 4399 qui
468 4316 579 4376 comici
602 4325 715 4398 poetae
736 4315 893 4378 dicuntur.
937 4316 1005 4397 quis
1027 4337 1103 4377 vero
1127 4335 1274 4397 personas
1292 4312 1348 4377 de.
