2892 4917
514 311 650 379 cdlvi
671 311 695 376 Ι.
1095 334 1156 375 xvn

92 519 244 601 proiectas,
273 513 329 578 sed
357 518 454 577 totrrm
485 518 589 614 tomen
613 529 653 584 ns
674 512 752 576 llaec
783 493 903 594 quidcnr
929 512 1076 578 alliciunt.
1119 517 1158 580 de

89 649 236 733 μελοποιίᾳ
255 651 288 710 et
306 630 380 725 toa
403 645 481 710 nibil
505 600 722 750 qn&
738 645 867 727 μιῆιιιιι
887 652 970 709 esset
990 646 1161 729 expositum

91 789 138 847 cm
166 781 331 865 posthanc
353 797 429 843 sane
450 798 589 844 mancam
609 778 759 882 tragicae*
766 778 873 880 poesis
892 781 1162 866 pertractationem

90 915 210 1014 moritur
229 911 396 996 epopoeiae
413 912 599 994 explicatio,
618 929 698 994 quae
717 889 836 988 duoh
854 913 1004 995 capitibus
1025 918 1162 1005 (aaut)

91 1048 264 1130 amram,
292 1065 352 1130 ιιι
372 1047 457 1114 oco
476 1044 600 1110 unauna
633 1009 1042 1124 ωιιιιιιιιιῆιιιιιοιι
1060 1065 1164 1118 rema

93 1181 246 1248 dunarum
279 1178 323 1261 (c.
343 1177 504 1261 idm),
533 1195 613 1262 quae
642 1183 706 1242 tam
740 1178 780 1243 alr
809 1177 987 1245 Aristotelis
1007 1183 1166 1265 gravitate

95 1333 170 1399 quau
188 1314 229 1382 alr
251 1315 354 1397 operis
375 1311 510 1395 susecpti
538 1311 666 1378 oonsilio
692 1312 873 1395 planissime
891 1278 1070 1406 ailonem.
1111 1335 1167 1382 ne-

95 1468 142 1532 que
158 1467 230 1522 vero
249 1448 310 1513 noc
329 1452 479 1514 adantum
499 1447 646 1514 lectorem
678 1445 823 1530 effugiat,
843 1447 1168 1532 cpopoeiacaipiica.
1201 1450 1206 1457 ’

95 1584 193 1650 norm
212 1603 276 1648 uon
303 1583 404 1646 solnm
423 1580 539 1650 ambitu
551 1580 613 1645 scd
643 1580 736 1648 etiam
754 1580 884 1654 docendi
903 1581 1024 1646 ratione
1043 1583 1170 1648 multum

93 1715 204 1780 diderre
222 1716 262 1780 al
291 1714 486 1798 expositione
518 1714 631 1807 tragici
651 1713 814 1780 carminis..
855 1731 928 1778 nam
947 1732 1026 1799 quae
1046 1715 1171 1799 gravis-

94 1849 160 1915 sina
178 1856 248 1914 suut
268 1855 301 1912 et
331 1866 409 1932 prae
428 1847 539 1912 ccmris
566 1846 763 1930 explananda
785 1854 891 1929 erant,
916 1867 955 1912 eo
976 1854 1119 1916 constare
1140 1855 1173 1913 ct

97 1981 170 2047 clara
189 2000 256 2046 esse
277 1978 419 2047 dicuntur
440 1984 479 2062 (c.
496 1985 549 2061 23,
570 1985 613 2057 1).
664 1981 785 2045 fnumra
807 1980 1064 2064 circumspicimus
1084 2000 1174 2066 quem
1243 2009 1249 2018 ·

93 2110 174 2193 Ιὶιεηι
193 2117 299 2200 opicae
320 2115 407 2198 pacsi
429 2114 618 2199 propositum
633 2114 818 2179 Aristoteles
832 2116 999 2195 existimet,
1021 2117 1172 2201 quomodo

98 2246 251 2314 irdillerat
280 2268 302 2313 a
319 2250 381 2313 linc
408 2249 476 2313 siue
493 2249 618 2313 ‘effectu
649 2249 848 2333 tragoediae,
881 2251 1031 2333 quomodo
1055 2270 1095 2316 ex
1112 2252 1174 2314 tine

97 2386 190 2458 partas
209 2382 325 2465 opicae
337 2383 441 2465 poesis
464 2383 615 2466 oriantur,
636 2383 789 2467 quomodo
809 2381 914 2450 unitas
935 2384 1040 2466 epioae
1060 2385 1175 2448 carmi-

96 2514 137 2578 nis
156 2517 290 2600 tragicae
315 2516 429 2599 partim
457 2516 567 2582 similis
594 2518 635 2583 sit
653 2517 768 2600 partini
797 2516 971 2583 dissimilis..
1016 2516 1094 2582 naec
1110 2537 1173 2582 noa

96 2649 175 2713 inodo
193 2669 255 2715 non
275 2654 494 2732 praestantur,
529 2650 584 2713 sed
615 2656 724 2715 auctor
753 2651 935 2735 simulatque
955 2652 1175 2733 pronuntiavit

96 2799 233 2864 apparere
253 2801 332 2866 quae
353 2782 487 2846 nondum
508 2781 667 2846 illustrato
688 2788 795 2862 erant,
823 2782 928 2847 statim
949 2783 989 2848 ad
1010 2784 1174 2850 llornennn

95 2911 242 2996 discurrit,
269 2917 359 2999 eique
380 2915 428 2980 ita
454 2914 664 2995 adhaerescit,
685 2921 720 2978 ut
741 2915 842 2980 omnia
861 2935 940 2999 quan
963 2917 1003 2979 dc
1023 2917 1173 3001 epopoeia

95 3047 224 3112 universo
245 3054 407 3113 monentur
425 3066 488 3112 nor
509 3067 566 3113 suo
594 3049 729 3130 ipsorum
752 3068 846 3113 causa
865 3050 919 3112 sed
939 3050 1028 3113 unius
1049 3050 1172 3114 Homeri

95 3181 188 3260 gratia
205 3182 287 3247 dicta
308 3183 481 3246 uideantur.
523 3183 601 3248 llaec
619 3165 702 3245 ratio
726 3183 769 3259 ei,
792 3200 883 3265 quam
901 3183 1034 3248 iniverat
1055 3184 1088 3247 in
1110 3185 1173 3247 dis!

95 3315 238 3391 putatione
269 3331 475 3398 praegressa,
499 3334 628 3399 prorsus
655 3312 813 3378 contraria
833 3323 900 3379 est:
919 3316 985 3380 illic
1006 3317 1085 3379 enim
1106 3316 1171 3379 cla-

28 3523 29 3552 *
94 3445 269 3512 tissimorum
286 3454 446 3531 poctarum
467 3449 600 3531 uomina,
621 3454 656 3512 nt
675 3448 821 3527 Aeschyli
839 3454 874 3556 pt
895 3446 1068 3531 Sophoclis,
1094 3449 1170 3512 stri-

92 3579 154 3642 ctim
175 3588 206 3644 ct
232 3582 332 3646 obiter
351 3588 575 3660 memorantur,
606 3589 637 3647 et
666 3582 823 3666 generalis
852 3583 1003 3663 expositio
1023 3583 1171 3665 exemplis

93 3715 205 3778 nonnisi
225 3717 438 3798 confirmatam,
458 3736 557 3801 neque
585 3724 745 3801 poetarum
766 3716 868 3780 virtus
885 3733 1013 3799 usquam
1032 3716 1172 3780 celebra·

92 3851 156 3912 tur:
188 3817 366 3914 incontra
385 3868 420 3913 se
440 3852 554 3917 liabent
581 3852 692 3916 omnia.
734 3869 798 3914 uon
818 3851 956 3920 audimus
976 3848 1047 3934 quid
1068 3848 1171 3932 poesis

92 3979 171 4059 spica
192 3982 314 4045 edicere
331 3982 495 4060 intendat,
522 4004 584 4049 uon
605 3977 687 4068 quac
701 3983 816 4047 meunt
839 3985 904 4047 eius
927 3983 1170 4063 vicissitudines,
1239 4038 1242 4043 .

91 4128 181 4195 neque
202 4122 344 4178 nonnata
374 4117 563 4226 dcolaratum
587 4119 717 4201 legimus
738 4134 817 4200 quae
834 4123 994 4198 poetarum
1017 4121 1087 4196 post
1107 4116 1170 4177 llo-

89 4261 197 4309 nerunr
219 4244 381 4330 cpopoelas
399 4253 596 4333 pungentium
616 4251 752 4333 dignitas
767 4251 860 4313 fuerit
882 4258 913 4312 et
934 4248 1073 4331 pretium.
1116 4248 1170 4309 sed
1215 4271 1216 4274 ¹

365 4387 369 4394 ,
936 4367 973 4407 a*
