2892 4917
267 305 331 365 ml
652 293 977 366 communius
1108 293 1115 304 '

269 493 379 551 auctor
396 490 581 569 personatus
611 481 672 550 sihi
693 487 759 569 ipse
779 503 843 550 uon
864 484 1033 564 manabit,
1053 499 1121 547 nuru
1141 480 1286 565 paralum
1309 483 1357 543 to-

268 596 337 656 tius
358 592 443 656 chori
478 593 562 666 λέξιν
595 609 663 655 esse
684 595 760 657 elicit
790 599 821 655 et
844 592 940 654 nihilo
961 591 1061 653 miuus
1085 589 1174 652 utrius
1197 590 1361 671 coryphaei

267 711 454 785 anapaestos
472 702 612 785 recipere
633 704 743 778 voluit,
764 708 818 765 aut
838 700 964 764 illehoc
985 698 1154 781 ignoravit,
1175 703 1358 779 anapaestos

266 830 329 874 non
362 808 432 873 cani
461 828 481 872 a
509 807 604 872 choro
625 808 681 870 secl
701 807 828 870 recitari
860 826 882 870 a
899 804 1084 886 coryphaeo.
1141 804 1261 867 accedit
1280 802 1358 885 quoti

267 909 368 979 ὅλου
392 915 494 998 χοροῦ
515 914 596 992 λέξις
616 918 693 980 nihil
705 917 767 981 nisi
788 934 922 980 carmen
946 933 1014 978 esse
1034 919 1154 996 potest:
1175 918 1260 975 totus
1283 910 1361 973 eninr

268 1027 381 1090 choros
405 1044 558 1107 nunquam
576 1026 729 1108 loquitur,
761 1026 815 1087 sed
836 1041 957 1106 semper
975 1023 1068 1086 cauit.
1111 1022 1171 1085 hos
1192 1025 1277 1083 recte
1297 1037 1361 1082 mo-

267 1136 334 1199 unit
348 1133 551 1212 Tyrwhlttus.
602 1134 769 1217 diligenter
788 1139 820 1196 et
840 1133 939 1206 docte,
961 1138 995 1195 ut
1018 1132 1108 1209 solet,
1129 1129 1237 1192 Odolr.
1252 1127 1362 1192 hlttlle·

267 1261 322 1307 rus
353 1260 452 1326 nuper
482 1244 522 1306 le
556 1244 674 1326 parato
709 1239 880 1326 disputarit
910 1242 943 1306 in
966 1237 1087 1307 Museo
1116 1235 1273 1303 llhenaao
1292 1236 1362 1321 phi·

266 1350 364 1436 blop.
395 1359 418 1417 t
449 1353 487 1417 V.
517 1373 548 1435 p.
570 1357 634 1417 360
661 1370 749 1435 sqq„
778 1352 833 1416 sel
866 1352 967 1415 virum
993 1350 1209 1433 actprlssimum
1239 1353 1362 1410 sennu-

270 1461 346 1562 tlam
367 1480 453 1526 nram
475 1462 581 1545 aliqua
600 1479 641 1525 ex
660 1465 750 1542 purte
770 1459 994 1524 immutaturum
1014 1477 1091 1539 esse,
1110 1457 1163 1522 uhi
1180 1457 1259 1521 haec
1278 1456 1362 1537 lege-

266 1570 318 1650 tlt,
334 1571 463 1634 confido.
1073 1645 1076 1650 θ

348 1669 561 1753 στάσιμον
590 1672 634 1737 δὲ
665 1671 797 1753 μέλος
826 1673 961 1755 χοροῦ
991 1668 1032 1736 ro
1062 1663 1162 1734 ἄνευ
1185 1661 1364 1734 ἀνακαί-

267 1801 363 1845 utcu
384 1785 455 1844 ani
480 1783 701 1863 τροχαιόυε
723 1771 761 1845 ati
775 1772 852 1844 niueo
866 1778 1068 1846 mantano
1080 1780 1137 1842 ani
1155 1780 1310 1862 τροχαίου
1327 1797 1366 1843 co

270 1893 399 1957 oonsilio
413 1892 520 1957 allita
534 1911 601 1956 esse
613 1899 697 1976 puto,
718 1898 763 1973 at,
780 1892 807 1957 si
819 1894 944 1976 qnando
952 1894 1079 1957 stasim
1092 1892 1255 1956 antonna
1265 1892 1366 1952 essert

269 2003 438 2077 systemata
458 2003 656 2083 anapaestico
674 2003 725 2064 tel
741 2001 908 2078 trochaica,
924 2000 1001 2062 haec
1024 1998 1064 2061 aul
1084 1998 1185 2079 ipsum
1209 1998 1365 2061 stasimum

215 2104 217 2108 ’
267 2126 332 2171 aon
346 2108 502 2190 pertinere
514 2116 697 2173 moneretur.
713 2111 759 2172 sic
773 2110 805 2173 in
820 2107 983 2190 Sophoclis
998 2103 1105 2172 Atooe
1117 2112 1188 2188 post
1204 2107 1365 2189 prologum

272 2215 319 2294 (v.
329 2213 451 2295 1-138),
466 2216 535 2279 dum
546 2217 656 2281 chorus
669 2217 702 2281 la
713 2216 903 2281 orchestram
917 2213 1099 2298 ingreditur,
1109 2214 1236 2295 primum
1247 2233 1306 2280 sex
1318 2234 1367 2295 sy-

269 2328 401 2386 stemata
422 2326 622 2404 anapaestica
632 2344 652 2388 a
664 2325 839 2407 coryphaeo
853 2324 1024 2388 renuunt
1034 2324 1080 2404 (v.
1093 2322 1258 2403 134-171),
1269 2324 1367 2407 iisque
1433 2371 1434 2424 y

269 2432 404 2513 parolus
423 2431 604 2513 absolvitur,
625 2438 692 2496 tumr
710 2434 847 2515 sequitur
860 2449 986 2496 carmen
1002 2430 1130 2495 achoro
1152 2437 1255 2495 stante
1275 2422 1367 2513 (ort-

271 2543 381 2618 σιμον)
397 2540 591 2603 decantatum
613 2539 658 2619 (v.
674 2537 859 2619 172-200).
901 2539 971 2602 tlruu
987 2541 1148 2621 anapaesti
1166 2539 1213 2603 illi
1234 2540 1366 2604 rainu-

272 2651 346 2724 tnr,
370 2646 482 2711 chorus
505 2668 568 2712 nou
601 2653 673 2713 stat
696 2649 752 2711 seri
774 2649 808 2713 in
832 2649 1011 2713 orchestrae
1034 2649 1164 2713 mediam
1182 2656 1305 2731 partem
1325 2650 1368 2712 in-

273 2753 425 2835 greditur.
468 2756 552 2820 aliud
585 2759 756 2839 exemplum
788 2776 828 2822 ex
845 2756 991 2835 Aeschyli
1010 2754 1247 2841 Apamemnoae
1264 2763 1367 2840 petere
1432 2755 1433 2762 ’

273 2861 356 2923 licet.
401 2860 513 2925 chonrs
533 2863 654 2945 ingredi
670 2863 859 2927 orchestram
881 2863 988 2946 incipit
1009 2884 1030 2927 a
1051 2873 1144 2927 versu
1158 2868 1225 2940 lta,
1248 2869 1280 2925 et
1300 2862 1369 2925 hino

273 2968 431 3050 usquead
461 2988 492 3033 v.
507 2975 578 3034 10³.
600 2990 710 3035 noveru
731 2979 899 3049 systemata
931 2974 1130 3054 anapaestica
1153 2991 1173 3034 a
1195 2970 1368 3052 coryphaeo

276 3078 479 3154 recitantur,
501 3084 532 3140 ct
553 3078 630 3142 haec
650 3073 708 3157 τὴν
729 3074 868 3160 πάροδον
892 3082 1049 3160 efficiunt3
1069 3083 1212 3145 conhnuo
1233 3081 1370 3163 sequitur
1431 3165 1432 3168 Ἴ

273 3185 397 3247 sinatis
418 3183 505 3247 chori
525 3204 648 3249 carmen
667 3177 850 3267 (στάσιμον)
874 3208 894 3252 a
917 3207 1010 3253 versu
1031 3195 1102 3254 104.
1123 3209 1219 3274 usqne
1239 3190 1282 3253 aul
1297 3193 1366 3253 257.
1431 3243 1432 3266 y

274 3293 307 3356 in
331 3291 465 3354 eiusdem
486 3291 703 3378 Supplicihna
729 3295 834 3359 statim
865 3297 905 3360 ah
928 3298 1016 3361 initio
1048 3298 1159 3362 chorus
1181 3298 1366 3382 ingreditur,

275 3401 356 3483 quod
386 3401 456 3465 lum
477 3404 527 3479 lit,
554 3401 745 3482 coryphaeus
771 3401 876 3464 decern
905 3409 1074 3480 systemata
1095 3404 1300 3487 anapaestiea
1326 3405 1367 3485 (a

276 3509 385 3589 1-40)
418 3511 559 3588 recitat,
594 3525 654 3590 quo
676 3511 760 3572 facto
782 3511 907 3573 mantis
929 3510 1017 3573 chori
1045 3527 1168 3575 carmen
1195 3510 1367 3575 inchoatur.
1430 3573 1431 3582 ,

275 3617 420 3680 eiusmodi
441 3618 538 3700 igitur
568 3623 737 3693 systemata
756 3637 777 3680 a
806 3618 941 3679 carmine
961 3618 1084 3682 chorico
1107 3621 1228 3683 excludi
1250 3619 1368 3684 techni·

274 3743 327 3785 eus
348 3725 455 3788 voluit.
498 3724 552 3787 sed
577 3725 657 3787 idem
681 3743 737 3787 cur
759 3725 851 3788 etiarn
872 3715 1124 3807 ἄνευ-τροχαίου
1145 3727 1290 3792 adiidltl
1312 3728 1369 3792 sci-
1430 3711 1431 3798 i

274 3829 348 3892 licet
368 3830 518 3909 τροχερὸς
534 3841 581 3896 est
600 3853 743 3897 uumerus
765 3834 940 3897 trochaicus
961 3837 1051 3899 etad
1071 3837 1248 3900 saltantium
1269 3844 1368 3918 aptos,

274 3960 336 4003 uon
359 3938 398 4004 ad
419 3941 586 4021 standum,
605 3943 735 4026 ideoque
749 3942 869 4006 cantica
884 3961 925 4007 ex
936 3944 1091 4008 trochaeis
1113 3945 1266 4008 continuis
1287 3963 1367 4008 oom-

274 4048 376 4129 posita
397 4066 438 4111 ex
459 4049 609 4111 alamanis
627 4047 790 4111 eximenda
804 4049 932 4130 putavit
956 4051 1091 4113 fortwse
1112 4049 1266 4132 cogitavit
1286 4051 1366 4114 eius-

273 4156 356 4220 nodi
378 4156 516 4221 carnaim
535 4173 616 4239 quae
630 4157 710 4239 apud
722 4155 905 4234 Aeschylum
921 4157 953 4221 in
967 4153 1134 4222 huma.
1151 4178 1180 4222 y.
1192 4161 1366 4223 ast-1002.

277 4266 438 4346 leguntur:
