2892 4917
327 341 370 405 ΙΝ
390 336 594 405 uouutcnu
616 335 704 403 CAP.
728 342 780 402 16.
804 335 834 419 b.
856 341 951 404 a—-t
1119 337 1184 403 rs!

88 519 155 613 τὴν
190 516 395 608 ἀδελφήν,
432 515 765 604 ιῖναγνιορισθεΐς
795 516 856 601 pin'
884 514 1049 603 ἐκείνης
1081 510 1182 603 812¹)

87 629 240 712 Ὀρέστης,
260 632 315 693 sed
335 648 371 694 eo
385 631 593 695 allioemento
611 627 688 693 nihil
704 630 867 712 prollrlout
882 629 958 695 nori
979 630 1184 712 interpolato·

88 758 139 802 res
157 739 219 801 nisi
237 746 271 801 ut
291 739 390 803 veteri
408 736 544 821 turpem>
556 757 692 801 errorem
711 738 901 820 inirmgantc
920 757 993 804 naun
1013 738 1094 821 apurl
1114 738 1181 802 llu-

89 847 217 929 ripitlem
246 849 372 910 orestes
400 865 539 910 sororem
566 865 630 909 nou
651 848 794 929 agnoscit
812 852 974 930 postquam
994 845 1061 928 ipse
1080 847 1121 911 ob
1143 865 1182 911 ea

79 955 148 1020 iam
168 955 295 1038 agnitius
315 961 371 1036 est,
391 955 450 1018 sel·
469 955 555 1038 prior
574 955 764 1018 sacerdotem
786 953 873 1017 illam
892 972 1032 1017 sororem
1054 952 1180 1037 lpbige-

88 1064 168 1127 niem
201 1082 272 1127 esse
299 1057 449 1147 intelligit
474 1082 512 1126 ac
539 1069 603 1126 σσσ
630 1063 749 1125 demun
777 1080 846 1125 sese
877 1062 926 1126 illi
951 1062 1180 1145 agnoscendum

18 1233 19 1240 ,
88 1171 223 1252 praebet.
266 1173 338 1254 lege
358 1190 388 1236 n.
412 1173 571 1238 ros-tat
592 1176 623 1233 et
641 1174 812 1234 811-826.

168 1277 303 1360 ἐκείνη
332 1277 412 1357 μὲν
439 1269 621 1358 γὰρ’διιὶ
644 1276 719 1358 τῆς
738 1275 992 1357 ἐπιστολῆς,
1012 1273 1181 1350 ἐκεῖνος

88 1381 415 1465 &sedric-Myse
446 1379 695 1465 ἃβσύλετσι
725 1378 956 1465 ὁντσιητής,
988 1383 1072 1446 ἀλλ’
1104 1382 1182 1465 οὐχ

88 1488 107 1553 o‘
125 1494 263 1572 μῦθος
277 1518 286 1559 :
318 1495 395 1558 baec
413 1494 569 1577 scriptino
586 1502 634 1557 est
650 1495 786 1558 codicum
799 1493 926 1557 AelleNa
947 1501 980 1557 et
997 1496 1031 1559 ll
1050 1496 1182 1560 omnium

18 1677 19 1684 ἵ
91 1610 122 1666 et
144 1604 297 1683 Gneo,
317 1604 367 1667 eui
386 1602 464 1666 baec
487 1603 624 1666 subiecta
641 1609 689 1665 est
710 1604 872 1679 sententia,
893 1599 1096 1686 Iphigeniam
1117 1620 1180 1687 per

18 1699 19 1744 3
88 1710 261 1793 epistolum
288 1727 365 1776 sese
392 1717 501 1796 notem
523 1707 638 1775 Oresti
670 1708 800 1790 fecisse
830 1711 971 1792 (verbum
990 1707 1181 1791 ἀνεγνώρισε

18 1817 19 1824 ’
89 1837 168 1882 novo
201 1819 377 1901 significatu
405 1818 577 1900 praeditum
612 1836 652 1882 ex
684 1818 838 1901 prioribus
865 1819 1077 1883 assumendum
1099 1816 1180 1899 est),

18 1985 19 1994 ,
89 1925 240 1992 Orestem
260 1943 340 1990 earo
356 1929 465 2010 ισιιισι
480 1926 663 2010 protulisse
684 1927 817 2007 (scilicet
836 1933 872 1989 nt
892 1946 984 1990 soror
1003 1927 1091 1991 illum
1110 1928 1179 1989 tra-

18 2027 19 2096 Ῐ
87 2043 162 2099 trem
184 2055 253 2100 esse
273 2036 477 2118 intelligeret)
508 2054 591 2122 puae
622 2040 722 2120 poeto
753 2038 978 2117 oppreserit,
1009 2052 1074 2099 noo
1095 2052 1180 2118 pace

86 2142 201 2226 fabula
234 2145 299 2207 sive
329 2132 473 2209 fabulosa
497 2145 525 2226 ²)
559 2144 699 2209 historia.
753 2143 955 2226 posteriorem
988 2142 1177 2225 agnoscendi

89 2255 207 2317 modum
238 2260 393 2334 tamquam
413 2253 453 2317 ab
474 2260 543 2316 arte
565 2253 697 2316 ebenum
713 2257 821 2329 notat,
842 2252 976 2334 priorem
994 2252 1086 2332 paulo
1107 2254 1179 2332 post

17 2355 18 2424 i
87 2360 128 2442 (ξ.
138 2360 175 2442 8)
195 2362 312 2424 laudat.
355 2378 461 2425 verum
484 2360 659 2424 enimvero
684 2359 915 2424 difficultatibus
937 2360 991 2422 vix
1011 2357 1176 2439 expedien-

87 2469 132 2532 dis
152 2469 233 2533 bunc
254 2472 353 2533 locem
373 2469 520 2551 implicuit
542 2470 622 2551 quod
635 2468 792 2532 Victorius
811 2467 845 2530 in
866 2486 928 2531 σσσ
950 2465 1054 2529 codice
1075 2484 1109 2528 se
1128 2465 1176 2528 tli-

88 2579 126 2641 cit
146 2561 269 2661 legisse,
291 2584 447 2660 acceptum
466 2576 544 2640 illud
556 2576 596 2640 ab
619 2576 788 2639 editoribus
808 2581 926 2639 tanturn
944 2579 1007 2638 non
1027 2573 1176 2655 omnibus,

85 2683 198 2757 ἐκεῖνος
219 2684 255 2746 δὲ
275 2679 347 2746 διὰ
366 2681 557 2765 σημείων.
577 2684 714 2746 ταῦτα
735 2671 780 2744 ον’
789 2705 806 2744 ν
829 2678 927 2755 ον’τός
946 2677 1087 2760 λέγει-ὅ
1110 2680 1175 2760 μῦ.

88 2794 154 2867 θος.
194 2795 250 2857 sed
270 2800 379 2857 auctor
407 2794 458 2857 bic
477 2800 585 2855 nostor
603 2796 760 2871 σημεῖα
790 2792 869 2856 (lixit
889 2793 981 2874 signa
1001 2790 1176 2873 quaeipsis

88 2903 240 2984 egentium
263 2902 360 2966 oculis
380 2907 434 2965 aut
450 2900 573 2982 corpori
588 2900 744 2962 cuiusdam
761 2918 912 2982 personae
931 2898 1175 2963 mbaeresceutia

88 3016 139 3072 aut
164 3017 254 3074 extra
288 3028 400 3091 corpus
421 3009 586 3090 conspicua
618 3010 787 3086 motor,
806 3007 868 3071 nisi
897 3010 979 3071 torte
1005 3007 1093 3071 illum
1115 3007 1175 3071 sibi

87 3118 205 3181 omnino
231 3138 293 3182 σσσ
314 3117 488 3182 constitisse
509 3122 646 3179 statuere
666 3117 818 3181 volumus.
869 3116 930 3180 iarn
952 3116 979 3178 si
999 3116 1071 3191 illo,
1096 3133 1175 3198 quae

89 3227 208 3289 orestes
228 3229 358 3290 fratrem
379 3245 413 3288 se
433 3243 500 3288 esse
521 3224 707 3307 probaturus
728 3224 831 3286 sorori
850 3229 960 3287 narmt
982 3225 1021 3284 de
1041 3223 1113 3285 telis
1132 3222 1174 3286 ab

88 3333 153 3415 ipsa
170 3335 320 3418 pertextis
342 3340 374 3396 et
394 3334 427 3397 in
448 3340 580 3416 paterna
600 3331 690 3395 tono
704 3330 883 3412 asservatis,
905 3333 1057 3410 σημεῖα
1077 3329 1174 3394 ‹lixis-

121 3639 147 3708 1)
166 3619 299 3691 Nonnulli
318 3657 351 3692 ex
370 3639 519 3693 editoribus
546 3638 613 3691 haec
630 3636 809 3710 probantibus
825 3636 908 3691 verbo
925 3633 967 3690 ὅτι
982 3631 1108 3706 Ὀρέστης
1124 3649 1173 3685 ex-

187 3747 323 3808 pungunt,
342 3739 390 3790 sed
409 3739 440 3790 bi
459 3738 554 3791 eodem
572 3741 602 3791 iu
630 3740 691 3791 loco
708 3737 840 3808 quaedam
858 3754 892 3789 ex
912 3736 1068 3788 coniectura
1086 3735 1174 3787 Italo-

183 3850 243 3883 rum
255 3835 481 3906 interpolatorum
490 3835 651 3899 adsciscunt,
669 3834 830 3905 quaedama
847 3832 984 3885 codicibus
995 3831 1090 3887 oblata
1107 3847 1174 3899 ueg-

184 3928 282 3998 ligunt.
1133 3909 1137 3916 ³

117 4024 145 4095 2)
161 4027 255 4095 μῦθον
273 4025 299 4077 b.
319 4026 338 4079 l.
365 4044 420 4079 non
445 4020 641 4098 argumentum
664 4024 818 4094 tragoediae
843 4024 899 4075 sive
919 4027 976 4081 τῶν
993 4021 1174 4095 πραγμάτων

185 4120 325 4177 σύστασιν
347 4122 466 4192 intelligi
494 4120 542 4174 sed
558 4121 721 4193 fabulosam
747 4121 964 4184 σοιϊοιίονιισι,Δ
985 4127 1039 4170 tam
1063 4134 1096 4169 ex
1117 4117 1173 4170 illis

185 4217 216 4267 ot
240 4221 428 4290 ususcapione
454 4212 510 4274 ὑπὸ
540 4219 593 4273 soti
622 4215 739 4283 ποιητοῦ
765 4231 847 4287 quam
874 4233 908 4272 ex
935 4215 1021 4268 altero
1046 4212 1171 4286 exemplo

186 4310 282 4383 liquet.
