2892 4917
416 306 835 391 nrrrnornrrnnr.
1134 336 1178 395 ιο

93 500 270 583 καλεύμενοι,
291 493 332 566 ἐν
352 502 461 565 δίσκον
484 503 539 589 δέη
559 506 751 583 μιμεῖσθαι,
771 503 828 564 καί
845 497 984 575 ἕλκοντες
1004 498 1060 565 τὸν
1080 524 1176 585 ronv-

93 628 195 705 ραῖον,
216 613 257 682 ύν
275 617 421 681 Σκύλλαν
451 620 602 686 αύλιύσιν.
656 617 674 701 ἦ
693 620 753 697 μὲν
776 608 832 680 ούν
859 619 1021 705 τραγῳδία
1042 616 1202 707 τοιαύτησ

93 737 177 815 ἐστίν,
198 731 242 810 ὥς
263 732 318 797 καί
346 731 377 797 oi
396 735 548 817 πρότερον
566 733 643 809 τούς
669 729 825 817 ύστέρονς
846 736 953 797 adreio
973 727 1072 822 ηύοντο
1094 730 1175 800 ύπο-

93 851 204 934 κριτύς·
257 850 301 926 ὥς
326 851 399 914 λίοιν
417 847 477 935 γὰρ
510 846 770 933 ύπερβύλλοντα,
799 850 935 934 πίθηκον
965 848 982 914 ὁ
1006 855 1175 929 Μενίσκος

73 964 137 1032 ὅτύν
154 968 377 1051 Καλλιππίδην
409 965 526 1032 ἐκύλει.
569 965 702 1051 τοιαύτη
728 966 763 1031 δὲ
794 964 871 1041 δόξα
901 968 957 1030 καί
983 970 1059 1050 περί
1090 973 1175 1032 Πιν-

92 1080 178 1166 δύροο
199 1077 249 1169 ἦν.
281 1082 349 1163 ,ὥς
371 1086 398 1148 d’
431 1075 519 1148 οὗτοι
541 1081 651 1166 ἐχούσι
675 1080 755 1164 πρὸς
780 1083 917 1163 αύτούς,
951 1078 1052 1167 ἦύλη
1077 1087 1173 1169 τέχνη

91 1198 159 1286 πρύς
176 1199 234 1285 την
254 1184 419 1271 ἐποποιίαν,
438 1197 518 1283 ἔχει.
560 1198 616 1282 την
634 1203 694 1281 μὲν
707 1192 764 1263 οὖν
782 1198 863 1284 πρὸς
883 1196 1005 1275 θεατὰς
1025 1202 1173 1278 ἐπιεικεῖς

91 1314 176 1403 φασίν
195 1311 277 1380 εἶναι
301 1317 410 1401 (ούύέν
430 1317 638 1380 dionomia
659 1314 870 1413 σχημάτων),
890 1313 948 1398 τὴν
964 1316 1000 1378 δέ
1020 1315 1171 1400 τραγικὴν

88 1431 156 1516 πρὸς
187 1429 343 1518 φαύλους.
397 1426 420 1515 ἧ
439 1423 506 1494 ὀύν
533 1428 667 1517 popum}
697 1431 816 1515 χείρων
845 1432 941 1513 δῆλον
963 1423 1015 1493 ὅτι
1045 1424 1086 1495 air
1108 1428 1197 1514 εἴηὸ

60 1549 198 1631 ιοπρύτον
218 1551 278 1630 μὲν
299 1549 339 1610 ού
357 1550 413 1633 τῆς
431 1550 594 1632 ποιητικῆς
624 1546 644 1631 ἦ
667 1548 837 1631 κατηγορία
858 1543 1016 1631 α’λλύτῆς
1036 1545 1169 1629 ύποκρι·

86 1666 177 1744 ταιῆς,
199 1662 269 1728 ἐπεί
282 1660 349 1728 ἐστι
370 1663 635 1748 περιεργάζεσθαι
656 1646 722 1738 τοῖς
743 1664 886 1746 σημείοις
904 1665 960 1726 καί
981 1658 1170 1750 (inopinia-

84 1805 126 1862 τα,
143 1776 218 1864 ὅπερ
242 1783 342 1846 ἐποίει
357 1782 583 1873 Σωοιστρατος,
607 1778 663 1844 καί
675 1780 836 1868 ύιρίύοντα,
855 1775 931 1862 ὅπερ
951 1781 1051 1842 ἐποίει
1070 1782 1168 1843 Μνα·

84 1899 180 1972 σι’θεος
197 1895 394 1972 Ὀπούντιος.’
441 1890 510 1961 εἶτα
531 1899 608 1961 ούδέ
630 1897 751 1981 κίνησις
772 1890 882 1960 ἅπασα
901 1895 1165 1995 οἷπούοκιριοιστέα,

83 2008 159 2099 εἴπερ
198 2015 275 2098 μηδ’
311 2006 460 2098 ὄρχησις,
491 2015 560 2078 αλλ’
591 2011 611 2099 ἦ
638 2013 790 2100 φαύλων,
821 2006 896 2095 ὅπερ
937 2015 992 2074 καί
1016 2014 1165 2074 Καλλιπ.

21 2132 23 2215 ξ
56 2130 149 2216 Ιλιιίιλη
168 2131 337 2211 ἐνετιμᾶτο
358 2131 415 2194 καί
442 2134 500 2194 νύν
520 2121 640 2211 ἄλλοις,
665 2128 709 2204 αἱς
740 2123 799 2193 ούκ
819 2130 992 2213 ἐλευθέροις
1014 2134 1165 2210 γυναῖκας

138 2336 164 2391 4.
182 2345 321 2410 μονίσκος
337 2338 435 2391 Aldus:
453 2341 607 2411 μυννίσκος
626 2322 710 2402 bebo,
727 2341 859 2410 μινίσκος
877 2337 916 2388 N*
935 2345 963 2387 θῑ
982 2336 1011 2386 Μ
1033 2335 1077 2400 ¹4>
1094 2355 1163 2408 W·
1264 2322 1272 2339 l

140 2439 236 2494 νίσκος
255 2434 283 2484 1..
334 2434 361 2486 8.
381 2434 416 2487 δι’
436 2431 549 2488 &Aldus
571 2442 635 2487 ante
656 2433 747 2488 ούύὲν.
766 2432 837 2484 conf.
851 2432 1044 2483 Commeat.
1118 2433 1159 2485 12.

19 2566 20 2613 η
137 2530 226 2582 ἐποίει
245 2528 344 2580 Aldus:
372 2531 434 2584 ἐστι
451 2522 608 2581 ΑοΒεΝεοε
627 2531 656 2581 Μ
684 2545 776 2581 omncs
805 2536 834 2580 et
858 2526 956 2596 GLQ.
1099 2525 1162 2596 διηλ-

19 2650 20 2699 p
138 2624 222 2679 ύοντα
240 2624 387 2687 Victorius,
406 2625 460 2676 nisi
478 2625 553 2693 quod
574 2642 649 2676 ruore
670 2641 718 2675 suo
737 2623 833 2681 scribit
853 2620 1005 2678 ύιύύονττιι
1025 2619 1161 2678 διαδύντα
1254 2658 1260 2665 ¹
1370 2634 1374 2643 '

134 2718 242 2771 codices
259 2721 382 2791 plerique
401 2728 430 2772 et
447 2720 540 2785 bidus,
558 2720 725 2777 ύιαύιύόνια
741 2719 770 2770 Μ
793 2718 834 2770 14.
915 2776 920 2785 Ι

868 2816 890 2851 0
983 2848 990 2861 .

79 2916 247 2994 volutantes,
270 2917 324 2977 ubi
345 2917 462 2978 discum
480 2918 594 2978 imitari
609 2941 730 2983 necesse
751 2929 808 2999 est,
830 2931 862 2984 et
884 2898 1042 2989 trabentes
1063 2949 1159 3013 cory-

78 3012 207 3092 piraeum,
219 3038 291 3076 curn
302 3016 434 3100 Scyllam
456 3010 580 3078 canunt.
603 3019 664 3080 iam
687 3042 762 3083 vero
770 3022 939 3106 'tragoedia
959 3027 1026 3089 taiis
1048 3039 1103 3105 est,
1125 3037 1161 3090 ut

78 3114 157 3176 etiam
177 3117 300 3198 priores
325 3119 364 3178 de
384 3119 540 3178 actoribus
563 3119 620 3181 sibi
642 3131 745 3183 aetate
764 3127 949 3205 supparibus
971 3130 1157 3191 sentiebant:

77 3234 137 3273 narn
149 3225 182 3276 ut
195 3217 325 3277 nimium
346 3220 554 3296 excedentem,
575 3221 697 3281 sirnium
711 3224 865 3306 Myniscus
879 3227 1084 3310 Callippidem
1103 3250 1159 3291 vo-

77 3313 164 3377 cabat
215 3318 283 3377 talis
316 3329 421 3379 autern
443 3321 551 3402 opinio
574 3322 669 3383 etiam
691 3323 730 3384 de
750 3324 888 3387 Pindaro
914 3338 993 3388 erat.
1044 3329 1158 3393 sedat
1210 3368 1213 3373 >

76 3408 148 3476 bisc
169 3417 286 3480 habent
306 3417 345 3478 ad
365 3440 438 3495 sese,
461 3428 528 3481 tota
552 3443 600 3480 ars
614 3424 653 3483 ad
676 3423 863 3505 epopoeiarn
877 3448 909 3487 se
929 3426 1032 3489 babet.
1075 3431 1156 3492 banc

76 3507 159 3592 igitur
186 3517 346 3598 pertinere
376 3520 462 3580 aiunt
490 3521 529 3580 ad
559 3522 659 3582 bonos
680 3532 869 3604 spectatores
905 3526 993 3601 (nibil
1014 3528 1155 3611 indigent

75 3611 188 3694 figuris),
209 3618 363 3699 tragicam
376 3628 479 3680 autern
499 3621 539 3680 ad
553 3643 677 3702 pravos.
718 3618 850 3685 niolesta
872 3624 969 3707 igitur
986 3625 1070 3686 baud
1092 3629 1153 3690 du.

73 3708 116 3772 bie
134 3716 223 3795 peior
243 3719 315 3779 erit.
357 3720 495 3800 primurn
521 3743 557 3781 eu
578 3742 642 3781 non
668 3731 713 3783 est
734 3725 878 3805 poeticae
896 3727 971 3788 artis
995 3730 1153 3790 accusatio

73 3811 116 3871 sed
134 3814 338 3895 histrionalis,
363 3820 511 3900 quoniam
544 3806 651 3903 egredi
673 3823 802 3903 modum
828 3826 972 3907 insignis
996 3837 1100 3908 potest
1120 3839 1152 3892 et

72 3907 247 3994 rhapsodus,
273 3918 360 4000 quod
381 3921 513 3981 faciebat
525 3923 721 3999 Sosistratus,
744 3932 775 3985 et
796 3924 820 3984 is
845 3926 899 4008 qui
921 3927 1060 3988 canendo
1082 3950 1152 3989 cer.

72 4015 123 4087 ut,
143 4017 227 4096 quod
260 4018 395 4080 faciebat
424 4022 611 4084 Mnesitheus
641 4023 809 4104 Opuntius.
852 4024 966 4090 deinde
991 4049 1029 4089 ne
1048 4038 1150 4091 motus

74 4110 185 4192 quidem
206 4119 305 4178 omnis
328 4119 558 4200 despiciendus,
582 4126 606 4183 si
630 4145 669 4184 ne
690 4125 812 4186 saltatio
834 4126 971 4208 quidem,
990 4127 1042 4188 sed
1060 4126 1149 4190 dete.

72 4210 192 4296 riorum,
216 4219 301 4305 quod
324 4220 416 4281 etiarn
434 4222 578 4304 Caiiipidi
600 4224 678 4284 vitio
700 4224 834 4286 dabatur
857 4234 889 4287 et
910 4248 993 4288 nune
1012 4228 1087 4304 aliis,
1113 4239 1149 4290 ut

71 4330 124 4374 uon
145 4317 253 4382 liberas
274 4321 419 4385 muliere
439 4322 639 4386 imitantibus.
661 4346 762 4410 porro
786 4326 948 4409 tragoedia
970 4330 1062 4392 ctiam
1082 4330 1149 4392 sino
