2892 4917
419 284 836 377 arriomanitae.
1129 290 1173 353 aa

95 456 271 545 μάτωνάιιο
303 458 384 525 ἀλλὰ
412 458 458 542 μὴ
477 459 540 556 dai
559 458 730 544 δωμάτων,
761 465 818 527 κατ’
844 460 879 527 τό
914 464 1030 544 σέθεν,
1064 466 1119 528 κατ’
1138 461 1172 527 τό

27 650 28 659 ¹
96 577 149 663 ἐγω
169 578 204 642 δὲ
223 603 282 658 νιν,
303 580 358 641 καί
375 572 410 641 τό
438 575 610 657 Ἀχιλλέως
635 582 707 660 πέρι
731 575 812 643 α’λλά
837 576 977 662 μῆιτιερί
995 580 1173 661 Ἀχιλλέως,

96 698 143 760 κατ’
159 688 218 759 ὅσα
239 687 322 756 άλλα
341 694 489 755 τοιαῦτα.
528 691 583 755 διὰ
602 691 720 777 γάρτό
746 689 790 774 μά
814 686 894 756 εἶναι
912 694 946 757 ἐν
967 703 1032 768 τοῖς
1046 696 1176 775 ,κυρίοις

95 818 173 873 τιοιεῑ
188 809 224 874 τὸ
247 811 292 893 μὴ
313 806 474 874 ἰδιωτικόν
493 810 528 873 ἐν
541 810 582 896 τῇ
601 809 680 887 λό’ξει
701 805 826 873 άιιαντα
841 806 884 874 ,τά
897 812 1054 899 τοιαῦτα·
1096 812 1177 875 ἐκεῖ·

73 943 140 1001 ὄνος
158 927 193 990 δὲ
216 928 308 991 τοῦτο
329 922 453 1010 ἠγνόει]

158 1035 246 1107 Ἔστι
264 1043 301 1107 δὲ
321 1043 404 1124 μέγα
434 1042 495 1120 μὲν
513 1040 547 1106 τό
570 1037 691 1130 indurat
721 1045 783 1109 miv
803 1043 977 1128 εἰρημένων
996 1026 1223 1127 naeniarum·

95 1162 243 1243 χρῆσθαι,
268 1159 325 1222 καί
345 1159 469 1232 διπλοῖς
491 1153 625 1237 ὀνόμασι
646 1160 700 1222 κατ’
717 1159 887 1242 γλάττοις,
923 1156 1004 1223 πολὺ
1025 1160 1061 1222 δὲ
1087 1161 1177 1239 μέγι-

96 1297 160 1339 στον
179 1270 223 1339 τό,
236 1271 448 1357 μεταφορικὸν
471 1268 562 1338 εἶναι.
610 1275 707 1355 μόνον
726 1272 787 1357 γάρ
809 1277 902 1340 τοῦτο
925 1267 1000 1339 οὔτε
1021 1279 1098 1357 παρ’
1120 1268 1177 1337 άλ-

97 1395 144 1455 λον
160 1386 226 1456 ἔστι
246 1394 356 1471 λαβεῖν
375 1384 511 1475 εὖφοΐας
534 1412 569 1453 τε
588 1386 715 1474 σημεῖόν
735 1394 839 1456 ἐστιν·
880 1387 914 1456 τὸ
937 1389 998 1474 γάρ
1022 1383 1061 1453 ed
1079 1413 1177 1470 μετα-

66 1509 196 1592 ιορὲρειν
222 1505 257 1571 τό
291 1502 326 1571 τό
355 1499 466 1586 ὅμοιον
493 1509 628 1590 θεωρεῖν
656 1506 756 1571 ἐστίν.
805 1509 867 1572 τῶν
901 1511 932 1571 δ’
951 1501 1114 1587 ὀνομάτων
1135 1502 1175 1570 τά
1190 1527 1226 1567 ιο

96 1629 146 1703 μὲν
172 1623 269 1687 διιιλιῖ
300 1617 439 1701 μάλιστα
461 1619 613 1704 ἁρμόττει
641 1632 706 1699 τοῖς
726 1620 949 1709 διθυράμβοις,
969 1620 1003 1687 αἱ
1024 1626 1060 1688 δὲ
1080 1625 1178 1705 γλῶτ-

96 1763 145 1804 ται
159 1746 224 1813 τοῖς
244 1738 408 1823 ἦρωϊκοῖς,
440 1737 475 1806 αἱ
498 1741 533 1804 δὲ
560 1739 746 1826 μεταφοραί
764 1747 831 1823 τοῖς
854 1742 1024 1823 ἰαμβείοις.
1067 1740 1124 1803 ιἰαἰ
1144 1740 1179 1801 ἐν

27 1902 28 1921 ι
96 1857 147 1932 μὲν
164 1862 227 1930 τοῖς
244 1854 394 1939 ἡρωϊκοῖς
415 1851 542 1929 diserto
561 1858 708 1939 χρήσιμα
729 1856 767 1921 τά
785 1859 955 1940 εἰρημένα·
998 1857 1032 1919 ἐν
1057 1856 1093 1919 δὲ
1113 1861 1180 1928 τοῖς

97 1969 263 2073 ἰαμβείοις,
285 1967 340 2034 διά
373 1972 409 2034 τὸ
432 1964 483 2035 ότι
502 1972 642 2051 μάλιστα
671 1974 755 2047 λέξιν
775 1976 966 2053 μιμεῖσθαι,
994 1967 1141 2035 ταότα“
1122 1994 1182 2052 αρ-

27 2081 194 2301 Ιι5μόττει
213 2089 277 2152 τῶν
298 2085 460 2167 ὀνομάτων
477 2081 564 2162 όοοις
584 2082 646 2152 κάν
667 2091 701 2151 ἐν
715 2086 817 2170 λογοις
827 2111 873 2163 τις
895 2087 1068 2171 χρήσαιτο·
1110 2081 1179 2150 ἔστι

98 2199 181 2268 δὲτά
200 2207 334 2268 τοιαῦτα
360 2200 397 2267 τό
429 2203 540 2289 κόριον
559 2228 612 2268 και
632 2202 803 2290 μεταφορὰ
833 2207 902 2289 [atos
921 2203 1062 2287 κόσμος].
1103 2226 1178 2286 περι

161 2494 199 2545 15.
218 2497 268 2546 καὶ
289 2491 354 2548 ἰν
338 2509 417 2554 οσοις
435 2495 529 2564 λόγοις
547 2493 654 2545 λΰΒοΝε
676 2499 705 2544 et
721 2491 839 2544 Medicei
859 2466 961 2556 omnes,
980 2487 1060 2553 ὅσοις
1080 2494 1128 2547 καλ
1145 2493 1178 2547 ἐν

159 2587 236 2649 όσοις
251 2589 347 2661 λόγοις
363 2587 534 2661 GLPQ‚''
520 2606 599 2650 οσοις
625 2594 674 2642 καὶ
691 2591 723 2646 ἐν
741 2588 836 2661 λόγοις
857 2587 954 2658 Aldus5
983 2586 1038 2646 κᾶν
1062 2606 1112 2660 pro
1130 2593 1178 2643 καλ

520 2838 531 2865 Ι

99 2939 227 3010 τωνάιιο
254 2971 291 3012 ac
323 2972 387 3011 nou
407 2944 468 3010 αἰιό
500 2946 665 3026 δωμάτων,
689 2959 721 3012 et
741 2949 845 3029 σέθεν,
864 2958 897 3012 et
922 2946 983 3030 ἐγώ
1013 2945 1091 3017 δέ’
1070 2971 1128 3030 νιν,
1147 2959 1180 3014 et

98 3046 253 3126 Ἀχιλλέως
281 3048 355 3131 τιέρι
389 3071 425 3111 ac
459 3072 520 3109 non
542 3049 616 3129 περί
639 3039 831 3130 Ἀχιλλέως,
862 3061 894 3113 et
926 3075 1005 3135 quae
1026 3062 1098 3113 sunt
1119 3053 1179 3113 alia

100 3145 272 3211 huiusmodi.
321 3173 392 3210 nam
423 3149 495 3234 quia
527 3171 590 3211 non
610 3151 719 3210 sunt
711 3173 742 3210 m
772 3151 931 3234 propriis,
960 3153 1080 3213 farciunt
1102 3153 1180 3216 haec

100 3249 192 3310 omnia
216 3273 256 3313 ne
274 3251 409 3335 vulgaris
428 3250 469 3312 sit
490 3247 604 3311 dictio.
628 3251 679 3311 ille
700 3263 802 3311 autem
823 3251 885 3312 hoc
907 3253 1093 3334 ignorabat]

168 3352 224 3413 Est
244 3374 323 3414 vero
357 3373 504 3434 maguum
533 3374 728 3434 unoquoque
749 3374 860 3412 eorum
881 3375 960 3436 quae
980 3352 1110 3413 diximus
1131 3351 1179 3412 uti

27 3448 348 3528 quemadmodum
361 3451 460 3529 decet,
476 3459 540 3511 tam
559 3451 733 3535 duplicibus
763 3453 940 3513 nominibus
957 3473 1051 3535 quam
1065 3451 1180 3534 glossis,

101 3551 186 3611 multo
207 3561 310 3614 autem
332 3553 497 3612 maximum
517 3551 557 3613 ad
579 3553 797 3614 translationes
819 3561 1004 3634 promptum
1021 3573 1096 3614 esse.
1117 3552 1180 3614 hoc

101 3649 172 3712 euim
182 3675 278 3713 unum
291 3674 394 3736 neque
405 3654 444 3714 ab
456 3654 517 3714 alio
531 3673 654 3713 sumere
665 3653 738 3713 licet
752 3652 934 3735 felicisque
927 3651 1043 3734 ingenii
1058 3652 1180 3767 signum

101 3757 151 3810 est:
164 3751 241 3814 bene
254 3753 337 3814 enim
351 3754 521 3815 transferre
535 3762 579 3815 est
591 3752 702 3814 similia
715 3743 975 3817 animadvertere.
997 3773 1032 3814 ex
1046 3750 1182 3813 nomini·

101 3845 147 3908 bus
161 3861 262 3915 autem
276 3853 413 3936 duplicia
426 3853 619 3935 potissimum
631 3854 822 3914 οοιιιοοὶιιιιλ
836 3853 1050 3967 dithyrambis,
1064 3853 1181 3936 glossae

27 3942 228 4029 heroicis,
248 3954 464 4016 translationes
484 3954 621 4014 iambicis
636 3953 834 4016 carminibus
879 3963 974 4037 atque
997 3954 1029 4014 in
1046 3952 1183 4015 heroicis

102 4051 191 4111 omnia
204 4076 283 4135 quae
297 4053 359 4115 dixi
379 4054 468 4115 utilia
488 4064 577 4128 sunt3
591 4053 688 4116 sedin
701 4053 851 4132 iambicis,
862 4055 979 4138 quippe
993 4074 1073 4136 quae
1084 4051 1181 4113 maxi·

101 4166 143 4210 mc
155 4172 325 4216 sermonem
338 4154 510 4268 imitentur,
529 4177 566 4216 ea
586 4163 659 4237 apta
675 4164 748 4216 sunt
763 4154 890 4214 nomina
906 4153 1016 4236 quibus
1032 4152 1126 4213 etiam
1147 4151 1180 4213 in

27 4262 28 4329 ρ
104 4252 283 4316 orationibus
303 4256 373 4338 quis
391 4266 520 4318 utatur.
541 4267 613 4318 suut
635 4277 712 4316 vero
734 4255 884 4317 eiusmodi
899 4254 1024 4315 consina
1047 4253 1180 4337 propria

158 2695 296 2757 acceptum
312 2704 328 2737 a
346 2684 477 2739 Bekkero.

27 3150 28 3273 l
