2892 4917
255 275 319 337 128
641 269 970 337 COMMENTARIVS

255 461 308 519 tae
328 452 441 519 rationi
462 473 525 518 non
552 456 718 536 respondet
739 460 887 534 eventus,
908 453 1069 517 ridiculum
1089 452 1206 532 est‚si
1243 471 1287 516 ex
1317 473 1359 519 ca

255 563 452 627 aberratione
470 581 569 645 neque
599 564 690 626 dolor
711 583 810 646 neque
839 561 990 645 pernicies
1022 563 1077 625 sed
1104 562 1227 625 nonnisi
1261 569 1358 643 turpe

255 670 407 753 quoddam
435 670 581 733 uocatur.
634 673 806 752 exemptum
822 672 903 754 quod
922 670 1133 752 subsequitum,
1155 674 1314 753 sumptum
1337 688 1358 733 a

254 758 370 842 comica
390 797 533 860 persona,
555 797 592 840 eo
610 798 673 841 non
686 778 788 843 ‘totam
810 798 897 842 suam
918 776 978 837 rod
996 777 1119 858 γελοίου
1140 778 1355 849 definitionem

255 886 355 948 voluit
375 886 554 966 illustrare,
585 886 640 948 scd
672 887 704 951 id
736 907 828 950 uorum
849 884 1012 951 declarare
1031 905 1092 969 quo
1114 885 1276 949 intellectu
1298 906 1357 967 po·

254 994 353 1057 suerit
370 987 532 1055 coaevem
559 991 614 1055 καί
648 993 689 1054 ου’
706 988 897 1077 φθαρτικόν.
950 995 1125 1061 comoediae
1146 995 1276 1077 ingenio
1301 1013 1356 1059 ex·

256 1109 366 1166 ternus
388 1105 545 1186 agentium
565 1104 688 1167 habitus
703 1112 735 1166 et
753 1106 856 1187 ligura
876 1104 1153 1169 conveniredehet.
1176 1139 1217 1150 -
1263 1104 1356 1180 Quod

255 1211 296 1274 de
316 1218 429 1274 natura
447 1210 504 1271 τοῦ
522 1210 647 1289 γελοίιον
668 1213 842 1277 accuratius
864 1213 897 1276 in
910 1210 1048 1278 Paeneo
1068 1230 1104 1275 sc
1125 1210 1244 1276 dixisse
1264 1213 1356 1274 ciera

256 1337 319 1405 pua
335 1337 460 1403 penora
491 1324 722 1403 pertractasse
754 1322 915 1401 profitetur
941 1321 976 1384 in
998 1316 1231 1398 Rhetoricis1‚
1247 1324 1301 1382 lL
1324 1338 1355 1399 p.

258 1431 415 1491 raram.
435 1432 467 1489 ot
487 1427 540 1505 111,
557 1430 608 1489 rs.
633 1446 663 1507 p.
677 1431 761 1489 nno
775 1426 851 1506 aa„
872 1427 903 1490 ra
919 1426 1001 1490 naun
1020 1425 1112 1488 auore
1132 1426 1207 1488 root
1225 1415 1261 1488 m
1281 1444 1356 1506 ope

256 1534 302 1598 ris
322 1541 411 1616 parte
433 1534 523 1598 nohis
544 1533 681 1615 perdita,
705 1532 757 1595 uhi
773 1534 939 1616 separatim
958 1534 997 1596 de
1018 1534 1176 1599 comoedia
1197 1533 1353 1615 exposuit

257 1645 339 1707 conf.
360 1640 546 1723 lactefacto.

341 1761 416 1843 Μ.
457 1753 1353 1847 χορὸνκοομῳδῶοόψέποτεὸὅρχοονέδω-
1427 1744 1428 1747 ¹

251 1888 347 1934 >orec:
369 1872 467 1953 primo
485 1891 548 1934 non
568 1871 674 1953 magui
692 1872 884 1936 aestimatam
906 1891 974 1935 esse
997 1873 1184 1939 comoediam
1204 1874 1278 1936 inde
1300 1875 1354 1936 do-

257 1984 326 2058 cet,
353 1979 433 2061 qnod
463 1978 580 2042 archon
610 1980 649 2042 ad
680 1979 805 2042 chorum
831 1982 976 2044 comicum
1006 1987 1037 2044 et
1065 1974 1294 2045 conducendum
1325 1988 1355 2042 et

258 2087 340 2150 omni
360 2093 512 2177 apparatu
533 2086 703 2148 ornandum
727 2087 826 2167 poetis
848 2088 1021 2151 comoedias
1041 2087 1075 2150 in
1096 2095 1251 2151 certarnen
1271 2107 1354 2150 corn-

257 2196 396 2258 missnris
417 2214 490 2258 sero
514 2196 632 2258 demum
654 2195 823 2277 choragum
846 2197 999 2278 impensas
1021 2198 1218 2278 praebentem
1244 2215 1286 2258 ex
1309 2194 1353 2256 ci-

258 2302 347 2366 vibus
371 2302 528 2366 ditissimis
552 2300 578 2381 ¹)
599 2301 819 2383 assignaverit.
841 2302 967 2365 hoc'est
986 2297 1086 2381 χορὸν
1109 2298 1240 2367 doddoni.
1263 2310 1355 2385 poeta

257 2408 326 2490 ipsc
344 2402 442 2484 χορὸν
461 2409 570 2484 λαβεῖν
591 2407 712 2486 dicitur,
735 2408 762 2470 si
785 2409 892 2472 fabula
917 2408 982 2470 eius
1004 2409 1144 2472 archonti
1166 2412 1302 2492 probata
1322 2410 1353 2474 iu

257 2523 413 2578 certamen
433 2515 620 2593 admittitur,
641 2521 734 2595 atque
762 2515 873 2577 chorus
896 2515 935 2577 ad
967 2533 1034 2578 eain
1057 2516 1224 2581 docendam
1247 2518 1353 2580 decer·

258 2622 352 2684 nituit.
383 2621 445 2683 vid.
478 2618 701 2700 Aristophanes
731 2617 815 2684 Rau.
838 2626 890 2685 94.
944 2622 1113 2699 Hesychius
1141 2625 1353 2706 (correcturae

260 2728 397 2811 Bergkio
419 2729 451 2792 in
472 2725 683 2821 commentat.
705 2730 747 2795 de
774 2729 928 2815 reliquiis
956 2734 1143 2798 comoediae
1163 2730 1351 2821 Atticaept

260 2836 329 2917 30.)
349 2837 414 2916 πῦρ
438 2836 518 2918 uvpc'
537 2831 647 2917 ἔγχει·
691 2838 853 2918 Κρατῖνος
874 2833 935 2899 duri
958 2834 1163 2921 διθυράμβου
1183 2840 1217 2902 ἐν
1233 2839 1353 2904 Βουκο-

215 2938 222 2948 ’
260 2945 327 3015 doeg
346 2939 538 3023 ἀρξάμενος,
559 2938 668 3025 ἐπειδὴ
690 2941 790 3026 χορόν
813 2942 869 3006 οὐκ
892 2939 985 3024 ἔλαβε
1000 2943 1086 3028 παρὰ
1108 2948 1167 3007 τοῦ
1187 2939 1352 3029 ἄρχοντος,

260 3050 335 3127 παρ’
356 3040 394 3109 οὗ
419 3045 537 3132 ᾐτήκει.
579 3052 631 3133 qui
650 3051 787 3115 fabulam
800 3054 967 3118 docendam
986 3057 1127 3118 archonti
1142 3057 1231 3119 offert
1255 3055 1353 3116 aeno

260 3151 363 3236 χορὸν
384 3158 502 3220 dicitur.
556 3160 629 3240 lege
651 3158 771 3222 Cratini
791 3162 998 3242 fragmentum
1022 3181 1062 3227 eu
1082 3155 1258 3235 Βουκόλοις
1290 3179 1352 3226 ser-

262 3274 367 3330 vatum
399 3267 438 3329 ab
461 3267 619 3330 Athenaeo
630 3269 713 3331 x1v.
733 3288 763 3348 p.
787 3272 852 3331 638
870 3270 904 3332 [ἢ
941 3262 976 3340 ὃς
1008 3266 1066 3328 oo'n
1085 3258 1193 3330 ’ἔδωκ’
1216 3269 1353 3331 αἰτοῦντι
1427 3306 1428 3353 p

262 3374 432 3456 Σοφοκλέει
453 3368 560 3452 χορόν,
581 3375 645 3433 κτλ.
654 3373 853 3455 Aristophan.
866 3371 976 3460 Ennii.
989 3379 1059 3439 sla
1086 3412 1126 3422 -
1169 3373 1252 3436 ἀλλ’
1275 3375 1353 3435 ὲθο-
1427 3362 1428 3365 “

262 3478 407 3540 toarci
424 3469 548 3558 ἤοαοε
580 3479 803 3543 comoediarum
834 3482 1001 3561 scriptores
1023 3488 1076 3544 aut
1096 3483 1156 3563 ipsi
1178 3488 1352 3547 ontearum

262 3590 352 3651 amici
373 3594 508 3670 sumptus
539 3588 579 3651 ad
599 3588 726 3650 chorum
751 3588 918 3650 docendian
953 3595 984 3651 et
1005 3589 1216 3653 instruendum
1237 3591 1291 3653 diu
1308 3590 1352 3653 ie

264 3705 389 3760 corant:
412 3697 533 3778 publice
552 3715 625 3759 sero
646 3697 769 3760 tandein
789 3697 935 3778 choragia
957 3697 1040 3760 datis
1060 3699 1157 3762 adiuti
1171 3706 1252 3764 sunt.
1275 3698 1351 3763 era-

303 4039 327 4109 l)
349 4037 390 4089 De
408 4034 533 4102 choragia
553 4036 716 4107 choragique
736 4035 829 4088 ciliciis
847 4013 993 4104 ¹diligenter
1006 4038 1047 4088 'et
1065 4043 1187 4088 accurate
1206 4036 1353 4105 expositum

372 4140 413 4183 est
430 4149 445 4180 a
464 4129 598 4183 Boecthio
625 4133 655 4183 iu
684 4133 850 4186 Oeconomico
865 4132 1080 4187 Atheniensium
1098 4140 1117 4184 t.
1135 4132 1156 4185 1.
1175 4146 1203 4201 p.
1224 4131 1277 4184 487
1298 4143 1352 4197 sqq·

371 4227 442 4283 cous.
465 4226 842 4301 Schoemanuinmcquicaces
860 4230 931 4282 ioris
948 4229 1056 4298 publici
1072 4230 1241 4285 &cecorum
1260 4243 1286 4297 p·
1297 4223 1353 4283 324·
