2892 4917
643 289 968 358 uenumdatis

686 602 822 690 curm
851 606 921 671 ro.

339 816 522 885 Διᾰνοια
550 823 663 904 opttus
692 824 729 886 in
750 826 826 885 orte
852 818 1022 884 rhetorico
1050 821 1197 904 wamia
1216 822 1357 902 poetica

256 944 506 1023 pertractatum
531 957 634 1023 aeque
651 938 694 1002 de
724 934 838 1012 λέξει
858 954 943 1022 pune
973 940 1099 1020 exponi
1121 943 1282 1020 possmrt,
1312 938 1361 1002 ud

255 1060 420 1140 poeticum
440 1059 605 1139 pertinent
627 1059 746 1119 omniu.
859 1127 862 1134 Ι

342 1269 508 1351 Explicata
528 1274 709 1352 nrpumentt
729 1265 1029 1350 conformationes
1051 1274 1143 1351 poem
1162 1269 1284 1351 tragico
1307 1270 1359 1332 in-

253 1379 409 1444 stituenda
430 1379 470 1458 (c.
493 1383 568 1440 7-11
605 1385 636 1440 et
666 1398 694 1442 e.
718 1378 831 1455 1344)
855 1386 887 1440 et
917 1378 1071 1459 descripto
1094 1395 1217 1440 mortua
1237 1375 1358 1440 dudilu

254 1489 294 1553 ab
316 1489 422 1551 endem
443 1488 475 1550 in
495 1487 666 1568 tragoediis
689 1487 883 1550 observando
903 1487 944 1568 (e.
965 1486 1021 1566 15)
1043 1493 1075 1549 et
1095 1493 1224 1568 utreque
1245 1487 1357 1567 dispu-

253 1597 372 1660 tatione
392 1595 564 1677 praeceptis
586 1596 768 1677 quibusdam
790 1595 1019 1675 tragoediarum
1049 1594 1192 1676 scripturi
1213 1594 1357 1658 doetina-

255 1707 296 1768 tis
317 1706 460 1768 concluse
483 1707 524 1782 (e.
552 1710 590 1767 17
611 1712 642 1765 et
661 1722 687 1766 c.
711 1708 762 1781 18,
785 1707 872 1782 4-7),
892 1704 954 1767 ium
975 1706 1016 1766 ad
1037 1703 1130 1766 animi
1149 1722 1242 1765 sensa
1262 1697 1356 1783 (dni-

253 1832 343 1872 nomu
366 1830 455 1893 qnam
473 1829 535 1873 una
554 1830 632 1873 voce
653 1815 848 1875 sententium
876 1811 1037 1893 appellare
1058 1811 1145 1890 licet)
1168 1829 1188 1873 a
1208 1809 1355 1891 personis

251 1918 284 1982 in
304 1936 425 1979 scenam
446 1916 601 1996 productis
622 1917 830 1997 expromenda
849 1917 998 1997 pervenit
1022 1936 1102 1998 qrrae
1123 1937 1189 1980 cum
1211 1917 1351 1980 dictione

252 2024 363 2104 (λέξει)
387 2025 606 2104 proterantur,
627 2024 707 2086 hanc
726 2024 920 2087 tractandam
942 2024 1002 2087 sibi
1022 2024 1159 2105 sumpsit,
1179 2025 1238 2088 illa
1258 2020 1352 2092 Rue-

251 2135 371 2197 toricis
392 2132 583 2194 reservanda
603 2131 733 2214 putavit

332 2239 361 2321 ᾗ.
386 2245 415 2303 1.
458 2238 555 2319 περὶ
578 2225 654 2318 μὲν
680 2229 759 2300 οὖν
780 2235 856 2299 τῶν
884 2228 1124 2320 ἅλλωνῆδη
1146 2234 1351 2318 alaman:

250 2353 366 2411 cetero
388 2365 466 2429 quae
491 2347 580 2423 dicit,
608 2352 681 2410 sunt
699 2344 838 2429 fabulo,
859 2366 988 2426 mores,
1011 2347 1258 2431 spectaculum,
1277 2368 1349 2413 me·
1414 2341 1417 2345 ’

249 2454 391 2539 lopoeiu.
434 2456 599 2518 defututa
622 2475 700 2538 qrme
733 2457 889 2537 disputata
909 2465 980 2519 sunt
1002 2459 1142 2520 sufficere
1162 2457 1350 2538 videantur,

143 2547 147 2554 '
247 2566 286 2628 se
308 2564 443 2627 nonnus
474 2580 553 2644 quae
582 2564 686 2626 nocuo
706 2565 740 2626 in
766 2565 928 2646 epitomum
956 2572 1115 2629 canona
1135 2566 1347 2628 essentem.

245 2671 369 2736 ximus:
404 2671 609 2751 spectaculum
640 2689 715 2734 vern
746 2677 779 2733 et
809 2672 979 2754 melopoeia
1008 2672 1128 2735 nonnisi
1161 2673 1347 2736 brevissime

246 2780 494 2843 commemoravit
514 2799 541 2844 c.
562 2784 629 2861 6,4
648 2786 683 2842 et
701 2801 730 2843 c.
751 2785 834 2854 18st
851 2784 883 2856 ¹).
925 2786 1055 2844 atvero
1079 2784 1285 2862 spectaculum
1311 2791 1345 2846 et

243 2890 444 2970 melopaeiam
474 2887 650 2950 accuratius
685 2887 725 2950 ab
753 2886 921 2949 Aristotele
951 2888 1105 2968 explicata
1131 2907 1194 2950 nnn
1216 2907 1284 2950 esse
1309 2898 1342 2952 et

244 2998 338 3058 nullis
351 2996 524 3078 praeceptis
541 3014 561 3058 a
579 2995 810 3076 tragoediarum
826 2995 976 3077 scriptore
996 2993 1157 3058 servandis
1178 2996 1343 3075 instructa,

244 3105 299 3167 vix
322 3110 368 3164 est
390 3121 444 3164 cur
477 3101 701 3163 existimemus:
729 3102 818 3163 immo
839 3121 866 3166 c.
889 3108 947 3181 18,
968 3108 998 3165 7.
1028 3123 1095 3166 cum
1115 3104 1200 3166 chori
1223 3104 1340 3196 tragici

176 3291 182 3300 a
242 3212 302 3274 rite
322 3208 533 3272 conformandi
552 3215 748 3290 praeceptum
770 3208 875 3288 paucis
898 3210 1002 3272 verbis
1023 3193 1183 3293 proponit,
1207 3213 1253 3275 ito
1273 3214 1339 3275 dis·

241 3326 331 3403 putat
353 3325 386 3380 nt
417 3326 600 3399 antegressa
621 3318 771 3397 ampliore
793 3316 984 3398 expositione
1004 3320 1061 3382 niti
1083 3320 1234 3384 videatur.
1258 3339 1339 3402 quae

240 3428 338 3509 igitur
361 3429 399 3488 de
421 3415 496 3503 ipen
529 3433 560 3488 et
579 3421 746 3507 μελοποιίᾳ
776 3427 901 3490 uberius
920 3429 1088 3509 explanata
1108 3431 1148 3493 ab
1169 3430 1341 3494 Aristotele

112 3583 115 3592 .
242 3543 347 3614 erant,
370 3534 489 3612 omisit,
513 3534 631 3615 opinor,
654 3533 708 3595 ille
729 3535 779 3615 qui
801 3554 841 3598 ex
860 3536 983 3618 integra
1003 3537 1179 3601 Aristotelis
1199 3536 1337 3603 Pectine

242 3645 335 3725 plura
357 3651 387 3705 et
407 3644 537 3725 egregia
559 3644 766 3708 conservavit„
807 3646 949 3709 nimirum
970 3646 1091 3710 inutilia
1113 3647 1169 3710 illa
1188 3649 1338 3711 videban-

241 3759 292 3813 tur
322 3753 419 3832 poetis
441 3752 661 3824 Alexandrinis
682 3750 963 3833 (Alexandrinos,
980 3756 1048 3818 dico
1067 3776 1171 3819 omncs
1193 3758 1245 3839 qui
1268 3764 1340 3839 post

239 3858 412 3922 Alexandri
435 3861 544 3942 Magni
567 3879 676 3924 aevum
698 3862 766 3925 sive
776 3863 985 3928 Alexandriae
1005 3865 1126 3930 sivein
1144 3866 1218 3929 aliis
1233 3866 1336 3931 Grae-

277 4169 304 4240 1)
321 4168 415 4220 Falsus
434 4168 593 4223 Aristoteles
614 4172 695 4222 etiam
715 4190 738 4222 c.
757 4171 784 4232 fi,
807 4171 847 4223 19.
868 4170 901 4222 ad
920 4170 990 4242 ὄψιν
1007 4181 1035 4225 et
1052 4174 1220 4245 pretenditur
1239 4174 1331 4225 revoi-

335 4263 420 4326 vitur,
440 4261 487 4315 sed
509 4262 579 4317 nihil
598 4269 676 4317 affert
693 4282 764 4335 quae
783 4266 897 4317 alicuius
916 4269 1046 4322 momenti
1064 4267 1210 4322 viuieuntur
1228 4286 1295 4322 esse.
