2892 4917
272 321 279 346 ·
331 305 373 368 m
393 302 596 370 romrcnu
617 302 705 372 cuo.
725 309 756 370 o.
779 304 807 389 p.
829 311 963 373 n-ra
1131 311 1193 373 rm

98 490 177 554 laec
205 489 309 573 prodit
343 485 510 564 sententia,
543 488 729 566 μελοποιίαν
756 497 886 572 excepta
918 490 1051 554 dictione
1079 489 1191 572 (λέξεο)

99 596 232 659 omnium
249 598 381 679 partium
395 618 542 664 summum
555 615 623 661 esse
643 599 903 663 condimentorum
924 600 1114 683 tragoediae,
1137 600 1193 663 sed

100 706 171 787 quis
193 702 276 776 λέξιν
295 704 515 767 condimentum
537 705 719 785 tragoediae
738 705 986 787 appellaveritl·
1014 706 1105 769 immo
1121 697 1194 769 'tra-

100 812 232 894 goediae
250 830 290 874 ue
318 820 389 874 sunt
412 813 531 895 quidem
554 812 766 892 condimenta,
787 799 841 875 sed
863 821 940 876 munt
960 812 1104 878 dictionis
1127 809 1194 894 <at-

101 919 217 998 ξεως),
243 923 369 984 nauem
396 921 541 985 videlicet
572 927 604 983 et
634 925 763 984 cantas.
786 921 849 987 vid.
870 926 982 1002 att&
1023 918 1083 984 hoc
1101 916 1194 981 aim

101 1025 199 1109 igitur
218 1026 396 1091 dormitanti
416 1026 534 1091 homini
549 1028 743 1113 tribuendum
766 1028 835 1093 erit

186 1125 206 1212 ἦ
237 1131 280 1195 δὲ
314 1120 699 1214 douc-uocaretur:
728 1133 880 1219 haecper
907 1155 1022 1200 senon
1045 1134 1194 1200 falsavi-

104 1241 231 1320 dentnr,
251 1242 306 1304 sed
325 1241 381 1305 vix
401 1241 566 1305 'conciliari
588 1249 735 1324 poterunt
762 1259 829 1307 cnm
850 1242 908 1308 illa
927 1242 1104 1306 Aristotelis
1124 1261 1194 1306 sen-

103 1348 200 1412 tentia
222 1348 265 1430 (§.
281 1349 316 1428 4)
340 1355 419 1430 qnae
440 1337 514 1423 ὄψιν
533 1353 760 1415 messorium
782 1350 961 1434 tragoediae
982 1358 1100 1432 partem
1122 1369 1196 1413 con·

103 1457 213 1520 stituit
261 1474 359 1539 neque
387 1455 418 1518 id
442 1475 546 1520 verum
565 1459 689 1521 omnino
709 1459 852 1535 videtur,
874 1446 1039 1535 depraessa
1061 1452 1194 1535 α’τεχνό-

103 1584 198 1628 τατον
211 1559 266 1626 καί
286 1558 397 1645 ἥκιστα
417 1563 531 1626 οἰκεῖον
543 1564 600 1647 τῆς
621 1564 800 1647 ποτητικῆςε
821 1568 912 1631 immo
935 1568 968 1632 in
983 1566 1196 1651 excogitandis

13 1693 14 1696 ¹
104 1693 208 1739 rerum
228 1683 393 1739 etoosnrnn
415 1674 523 1737 tonnis
544 1674 577 1738 iu
598 1693 691 1738 scena
701 1676 972 1756 repraesentandis
986 1694 1102 1758 magna
1120 1692 1196 1757 poe-

102 1792 156 1848 tae
176 1784 305 1848 solertia
324 1786 446 1850 versari
465 1793 577 1869 potest
619 1786 824 1870 interpolator
845 1788 884 1850 de
903 1788 996 1852 relus
1018 1788 1197 1871 quibusdam

104 1894 242 1957 externis
262 1894 415 1976 cogitasse
438 1896 570 1959 videtur.
619 1896 652 1960 id
672 1901 802 1979 apparet
832 1915 872 1962 ex
894 1898 1007 1962 additis
1028 1892 1125 1978 ἡγὰρ
1143 1896 1198 1978 τῆς

104 1999 281 2088 τραγῳδίας
311 1995 446 2080 δύναμις
476 1998 533 2064 καί
556 1991 634 2066 ἄνευ
665 2000 785 2084 ἀγῶνος
816 1998 872 2065 καί
897 2000 1073 2085 ὑποκριτῶν
1101 2005 1197 2069 ἐστίν.

107 2115 154 2172 est
175 2128 261 2190 sane,
281 2110 335 2172 sal
357 2116 459 2175 turmo
480 2112 546 2175 sine
576 2100 649 2189 dmm
670 2113 836 2195 tragoedia
856 2114 1109 2177 consisterenon
1128 2120 1198 2196 pot-

107 2223 171 2281 est:
191 2236 263 2281 nam
282 2218 309 2281 si
337 2216 458 2301 legitur
485 2224 620 2294 tannim,
642 2204 718 2293 ὄψις
740 2217 796 2282 illa
825 2219 962 2300 suppleri
983 2238 1003 2282 a
1024 2219 1198 2301 legentibus

106 2328 157 2389 vel
175 2328 370 2390 audientibus
390 2327 502 2407 debet,
530 2333 564 2390 ut
596 2344 635 2389 ne
669 2325 714 2388 sic
747 2327 868 2409 quidem
901 2328 1008 2389 deesse
1029 2328 1135 2409 possit.
1157 2361 1198 2374 -

106 2428 167 2494 ἔτι
188 2434 229 2496 δὲ
257 2432 615 2514 evacuatae-rete
643 2432 830 2513 ποιητῶν
851 2431 986 2499 ἐστι’νε
1008 2435 1100 2498 edant
1123 2435 1215 2499 haec*

109 2550 288 2622 argumento
309 2550 402 2625 suot,
435 2544 689 2624 interpolatorem
709 2542 781 2626 quid
804 2529 882 2621 ὄψιν
903 2543 1087 2618 Aristoteles
1106 2544 1200 2607 intel-

110 2649 223 2713 lexerit
244 2671 305 2715 non
326 2653 403 2715 satis
419 2652 601 2734 percepisse.
645 2670 803 2716 numerum
823 2654 974 2734 pluralem
997 2651 1078 2732 apud
1093 2667 1199 2712 verum

110 2760 303 2823 Aristotelem
332 2762 365 2823 in
396 2760 455 2823 hoc
486 2778 580 2841 opere
605 2777 668 2821 non
704 2760 838 2823 invenio.
868 2761 932 2824 vid.
962 2759 988 2823 c.
1015 2764 1046 2834 6,
1067 2763 1119 2835 8.,
1148 2757 1200 2820 nti

112 2850 200 2938 ὄψεις
227 2866 260 2928 in
293 2865 362 2926 loco
384 2865 424 2927 ab
456 2849 559 2929 aliena
590 2864 807 2929 manuiuserta.
857 2864 975 2927 nruneri
1006 2864 1200 2929 insolentiam

10 3021 11 3030 ,
113 2973 192 3036 tenui
211 2973 244 3037 in
263 2972 375 3036 Latina
393 2969 657 3052 interpretatione.

510 3189 807 3216 W

554 3392 690 3458 CAPV'I'
714 3398 755 3463 7.

192 3609 293 3678 Aeta
313 3610 502 3696 trupoedtoe
512 3610 665 3677 subtecto
683 3616 756 3676 totu
773 3613 826 3676 stt
841 3616 980 3695 oportet.
1024 3613 1097 3675 etus
1117 3606 1202 3695 quod

115 3734 164 3794 est
181 3736 284 3795 totum
304 3726 459 3812 dellmtio.
501 3732 593 3795 tusto
624 3731 769 3794 octioms
786 3732 934 3812 tropicae
955 3745 1118 3793 meamne.

204 3948 369 4030 Postquam
397 3947 580 4030 tragoediae
608 3947 815 4011 definitionem
844 3921 1003 4029 proposni't
1032 3952 1063 4009 et
1096 3950 1203 4029 partes

70 4043 73 4050 ’
117 4057 314 4136 enumeravit,
332 4053 543 4141 [almumque
563 4056 750 4120 sirenarum
771 4057 1011 4138 complexionem
1033 4073 1100 4116 esse
1121 4073 1203 4118 sum-

99 4171 189 4227 'mon
204 4172 236 4226 et
250 4164 378 4246 primum
399 4165 581 4248 tragoediae
595 4165 753 4248 negotium
764 4167 957 4245 monstravit,
978 4166 1039 4228 iam
1060 4164 1100 4226 ad
1124 4164 1204 4228 hanc

110 4278 228 4351 partem
261 4274 435 4358 accuratius
469 4273 686 4339 declarandam
714 4275 842 4355 accedit,
869 4275 962 4358 idque
990 4280 1205 4357 argumentum
