<?xml version="1.0" encoding="UTF-8"?>
<!DOCTYPE html PUBLIC "-//W3C//DTD XHTML 1.0 Transitional//EN"
    "http://www.w3.org/TR/xhtml1/DTD/xhtml1-transitional.dtd">
<html xmlns="http://www.w3.org/1999/xhtml" xml:lang="en" lang="en">
 <head>
  <title>
</title>
<meta http-equiv="Content-Type" content="text/html;charset=utf-8" />
  <meta name='ocr-system' content='tesseract 3.04.00' />
  <meta name='ocr-capabilities' content='ocr_page ocr_carea ocr_par ocr_line ocrx_word'/>
</head>
<body>
  <div class='ocr_page' id='page_1' title='image "./poetica00arisgoog_0339.png"; bbox 0 0 2892 4917; ppageno 0'>
   <div class='ocr_carea' id='block_1_1' title="bbox 335 255 1187 382">
    <p class='ocr_par' dir='ltr' id='par_1_1' title="bbox 335 255 1187 382">
     <span class='ocr_line' id='line_1_1' title="bbox 335 255 1187 382; baseline 0.009 -26"><span class='ocrx_word' id='word_1_1' title='bbox 335 290 378 356; x_wconf 86' lang='lat' dir='ltr'><strong>m</strong></span> <span class='ocrx_word' id='word_1_2' title='bbox 397 292 600 359; x_wconf 69' lang='lat' dir='ltr'><strong>rosmoda</strong></span> <span class='ocrx_word' id='word_1_3' title='bbox 622 291 710 359; x_wconf 78' lang='lat' dir='ltr'><strong>cnr</strong></span> <span class='ocrx_word' id='word_1_4' title='bbox 731 293 833 382; x_wconf 70' lang='lat' dir='ltr'><strong>reo</strong></span> <span class='ocrx_word' id='word_1_5' title='bbox 853 300 947 362; x_wconf 81' lang='lat' dir='ltr'><strong>r-n.</strong></span> <span class='ocrx_word' id='word_1_6' title='bbox 992 255 1000 274; x_wconf 80' lang='grc'>’</span> <span class='ocrx_word' id='word_1_7' title='bbox 1121 300 1187 364; x_wconf 80' lang='lat' dir='ltr'><strong>rso</strong></span> 
     </span>
    </p>
   </div>
   <div class='ocr_carea' id='block_1_2' title="bbox 3 425 1266 2283">
    <p class='ocr_par' dir='ltr' id='par_1_2' title="bbox 97 425 1189 668">
     <span class='ocr_line' id='line_1_2' title="bbox 97 425 1189 563; baseline 0.005 -21"><span class='ocrx_word' id='word_1_8' title='bbox 97 475 190 542; x_wconf 71' lang='lat' dir='ltr'><strong>nien</strong></span> <span class='ocrx_word' id='word_1_9' title='bbox 212 474 364 540; x_wconf 74' lang='lat' dir='ltr'><strong>Achillem</strong></span> <span class='ocrx_word' id='word_1_10' title='bbox 385 425 622 546; x_wconf 71' lang='lat' dir='ltr'><strong>concitatissimo</strong></span> <span class='ocrx_word' id='word_1_11' title='bbox 654 496 746 547; x_wconf 78' lang='lat' dir='ltr'><strong>curso</strong></span> <span class='ocrx_word' id='word_1_12' title='bbox 766 485 904 551; x_wconf 77' lang='lat' dir='ltr'><strong>mentem</strong></span> <span class='ocrx_word' id='word_1_13' title='bbox 923 479 1042 563; x_wconf 75' lang='lat' dir='ltr'><strong>capide</strong></span> <span class='ocrx_word' id='word_1_14' title='bbox 1052 484 1137 548; x_wconf 68' lang='lat' dir='ltr'><strong>metr</strong></span> <span class='ocrx_word' id='word_1_15' title='bbox 1155 482 1189 560; x_wconf 78' lang='lat' dir='ltr'><strong>ir</strong></span> 
     </span>
     <span class='ocr_line' id='line_1_3' title="bbox 97 581 745 668; baseline 0.006 -20"><span class='ocrx_word' id='word_1_16' title='bbox 97 585 238 668; x_wconf 83' lang='lat' dir='ltr'><strong>potnisse</strong></span> <span class='ocrx_word' id='word_1_17' title='bbox 258 603 371 666; x_wconf 78' lang='lat' dir='ltr'><strong>magno</strong></span> <span class='ocrx_word' id='word_1_18' title='bbox 393 586 571 652; x_wconf 79' lang='lat' dir='ltr'><strong>exercitui</strong></span> <span class='ocrx_word' id='word_1_19' title='bbox 562 581 745 668; x_wconf 81' lang='lat' dir='ltr'><strong>imperare.&#39;&#39;</strong></span> 
     </span>
    </p>

    <p class='ocr_par' dir='ltr' id='par_1_3' title="bbox 96 686 1266 1404">
     <span class='ocr_line' id='line_1_4' title="bbox 179 686 1198 796; baseline 0.009 -45"><span class='ocrx_word' id='word_1_20' title='bbox 179 691 263 773; x_wconf 62' lang='lat' dir='ltr'><strong>§.a</strong></span> <span class='ocrx_word' id='word_1_21' title='bbox 315 686 410 754; x_wconf 79' lang='grc' dir='ltr'><strong><em>ἔστι</em></strong></span> <span class='ocrx_word' id='word_1_22' title='bbox 443 692 488 753; x_wconf 78' lang='grc' dir='ltr'><strong>δὲ</strong></span> <span class='ocrx_word' id='word_1_23' title='bbox 528 693 644 755; x_wconf 79' lang='grc' dir='ltr'><strong><em>τοῦτο</em></strong></span> <span class='ocrx_word' id='word_1_24' title='bbox 671 690 1024 775; x_wconf 76' lang='grc' dir='ltr'><strong><em>παραλογισμός.</em></strong></span> <span class='ocrx_word' id='word_1_25' title='bbox 1053 715 1130 764; x_wconf 81' lang='lat' dir='ltr'><strong>vera</strong></span> <span class='ocrx_word' id='word_1_26' title='bbox 1160 702 1198 796; x_wconf 56' lang='lat' dir='ltr'><strong>etx</strong></span> 
     </span>
     <span class='ocr_line' id='line_1_5' title="bbox 101 800 1193 886; baseline 0.001 -22"><span class='ocrx_word' id='word_1_27' title='bbox 101 800 217 864; x_wconf 84' lang='lat' dir='ltr'><strong>dextra</strong></span> <span class='ocrx_word' id='word_1_28' title='bbox 236 801 461 868; x_wconf 71' lang='lat' dir='ltr'><strong>mendaciorum</strong></span> <span class='ocrx_word' id='word_1_29' title='bbox 481 803 515 872; x_wconf 91' lang='lat' dir='ltr'><strong>in</strong></span> <span class='ocrx_word' id='word_1_30' title='bbox 535 802 683 885; x_wconf 84' lang='lat' dir='ltr'><strong>epopoeia</strong></span> <span class='ocrx_word' id='word_1_31' title='bbox 697 805 973 886; x_wconf 74' lang='lat' dir='ltr'><strong>expromendarum</strong></span> <span class='ocrx_word' id='word_1_32' title='bbox 985 804 1066 870; x_wconf 84' lang='lat' dir='ltr'><strong>ratio</strong></span> <span class='ocrx_word' id='word_1_33' title='bbox 1086 825 1193 886; x_wconf 72' lang='lat' dir='ltr'><strong>nona-</strong></span> 
     </span>
     <span class='ocr_line' id='line_1_6' title="bbox 97 900 1194 993; baseline 0.013 -25"><span class='ocrx_word' id='word_1_34' title='bbox 97 900 251 985; x_wconf 81' lang='grc' dir='ltr'><strong><em>λογισμὸν</em></strong></span> <span class='ocrx_word' id='word_1_35' title='bbox 274 908 377 984; x_wconf 82' lang='lat' dir='ltr'><strong>efficit,</strong></span> <span class='ocrx_word' id='word_1_36' title='bbox 396 915 428 972; x_wconf 92' lang='lat' dir='ltr'><strong>et</strong></span> <span class='ocrx_word' id='word_1_37' title='bbox 446 909 493 973; x_wconf 87' lang='lat' dir='ltr'><strong>ita</strong></span> <span class='ocrx_word' id='word_1_38' title='bbox 515 909 634 993; x_wconf 83' lang='lat' dir='ltr'><strong>quiden</strong></span> <span class='ocrx_word' id='word_1_39' title='bbox 656 914 751 976; x_wconf 82' lang='lat' dir='ltr'><strong>efficit</strong></span> <span class='ocrx_word' id='word_1_40' title='bbox 778 919 812 978; x_wconf 86' lang='lat' dir='ltr'><strong>nt</strong></span> <span class='ocrx_word' id='word_1_41' title='bbox 839 914 929 978; x_wconf 83' lang='lat' dir='ltr'><strong>falsis</strong></span> <span class='ocrx_word' id='word_1_42' title='bbox 947 932 1025 980; x_wconf 84' lang='lat' dir='ltr'><strong>vere</strong></span> <span class='ocrx_word' id='word_1_43' title='bbox 1042 914 1194 982; x_wconf 72' lang='lat' dir='ltr'><strong>nonnulle</strong></span> 
     </span>
     <span class='ocr_line' id='line_1_7' title="bbox 99 1012 1192 1095; baseline 0.009 -17"><span class='ocrx_word' id='word_1_44' title='bbox 99 1014 241 1078; x_wconf 81' lang='lat' dir='ltr'><strong>admixta</strong></span> <span class='ocrx_word' id='word_1_45' title='bbox 260 1016 409 1095; x_wconf 80' lang='lat' dir='ltr'><strong>proferat.</strong></span> <span class='ocrx_word' id='word_1_46' title='bbox 426 1048 468 1066; x_wconf 83' lang='lat'><strong>··-</strong></span> <span class='ocrx_word' id='word_1_47' title='bbox 509 1012 628 1078; x_wconf 78' lang='grc' dir='ltr'><strong>τοῦτο</strong></span> <span class='ocrx_word' id='word_1_48' title='bbox 658 1015 687 1077; x_wconf 82' lang='lat' dir='ltr'><strong>d&#39;</strong></span> <span class='ocrx_word' id='word_1_49' title='bbox 711 1016 804 1084; x_wconf 74' lang='lat' dir='ltr'><strong>dori</strong></span> <span class='ocrx_word' id='word_1_50' title='bbox 828 1016 1005 1095; x_wconf 70' lang='grc' dir='ltr'><strong>ψεῦδοςε</strong></span> <span class='ocrx_word' id='word_1_51' title='bbox 1024 1038 1087 1086; x_wconf 87' lang='lat' dir='ltr'><strong>non</strong></span> <span class='ocrx_word' id='word_1_52' title='bbox 1107 1038 1192 1095; x_wconf 75' lang='lat' dir='ltr'><strong>ocar-</strong></span> 
     </span>
     <span class='ocr_line' id='line_1_8' title="bbox 96 1121 1266 1207; baseline 0.006 -22"><span class='ocrx_word' id='word_1_53' title='bbox 96 1139 159 1205; x_wconf 80' lang='lat' dir='ltr'><strong>per</strong></span> <span class='ocrx_word' id='word_1_54' title='bbox 180 1121 241 1186; x_wconf 83' lang='lat' dir='ltr'><strong>lroc</strong></span> <span class='ocrx_word' id='word_1_55' title='bbox 257 1123 373 1187; x_wconf 80' lang='lat' dir='ltr'><strong>falsum</strong></span> <span class='ocrx_word' id='word_1_56' title='bbox 393 1125 459 1201; x_wconf 83' lang='lat' dir='ltr'><strong>est,</strong></span> <span class='ocrx_word' id='word_1_57' title='bbox 481 1121 536 1184; x_wconf 85' lang='lat' dir='ltr'><strong>sed</strong></span> <span class='ocrx_word' id='word_1_58' title='bbox 559 1128 622 1188; x_wconf 88' lang='lat' dir='ltr'><strong>tum</strong></span> <span class='ocrx_word' id='word_1_59' title='bbox 640 1123 753 1188; x_wconf 73' lang='lat' dir='ltr'><strong>falson</strong></span> <span class='ocrx_word' id='word_1_60' title='bbox 773 1130 837 1205; x_wconf 85' lang='lat' dir='ltr'><strong>est,</strong></span> <span class='ocrx_word' id='word_1_61' title='bbox 862 1125 890 1188; x_wconf 89' lang='lat' dir='ltr'><strong>si</strong></span> <span class='ocrx_word' id='word_1_62' title='bbox 917 1126 1004 1207; x_wconf 83' lang='lat' dir='ltr'><strong>prius</strong></span> <span class='ocrx_word' id='word_1_63' title='bbox 1030 1145 1070 1191; x_wconf 89' lang='lat' dir='ltr'><strong>ex</strong></span> <span class='ocrx_word' id='word_1_64' title='bbox 1091 1127 1192 1192; x_wconf 75' lang='lat' dir='ltr'><strong>altero</strong></span> <span class='ocrx_word' id='word_1_65' title='bbox 1262 1131 1266 1142; x_wconf 82' lang='grc'><em>“</em></span> 
     </span>
     <span class='ocr_line' id='line_1_9' title="bbox 97 1228 1193 1315; baseline 0.009 -23"><span class='ocrx_word' id='word_1_66' title='bbox 97 1234 182 1315; x_wconf 81' lang='lat' dir='ltr'><strong>qnod</strong></span> <span class='ocrx_word' id='word_1_67' title='bbox 202 1247 309 1293; x_wconf 87' lang='lat' dir='ltr'><strong>verum</strong></span> <span class='ocrx_word' id='word_1_68' title='bbox 332 1234 462 1292; x_wconf 88' lang='lat' dir='ltr'><strong>estnon</strong></span> <span class='ocrx_word' id='word_1_69' title='bbox 483 1228 723 1311; x_wconf 67' lang='lat' dir='ltr'><strong>impendetur</strong></span> <span class='ocrx_word' id='word_1_70' title='bbox 743 1231 866 1298; x_wconf 77' lang='lat' dir='ltr'><strong>effectus</strong></span> <span class='ocrx_word' id='word_1_71' title='bbox 886 1251 928 1300; x_wconf 79' lang='lat' dir='ltr'><strong>ex</strong></span> <span class='ocrx_word' id='word_1_72' title='bbox 946 1253 1058 1313; x_wconf 61' lang='lat' dir='ltr'><strong>cenem</strong></span> <span class='ocrx_word' id='word_1_73' title='bbox 1079 1241 1111 1300; x_wconf 87' lang='lat' dir='ltr'><strong>et</strong></span> <span class='ocrx_word' id='word_1_74' title='bbox 1133 1234 1193 1302; x_wconf 80' lang='lat' dir='ltr'><strong>loc</strong></span> 
     </span>
     <span class='ocr_line' id='line_1_10' title="bbox 98 1322 1177 1404; baseline 0.001 0"><span class='ocrx_word' id='word_1_75' title='bbox 98 1339 285 1404; x_wconf 80' lang='lat' dir='ltr'><strong>Aristoteles</strong></span> <span class='ocrx_word' id='word_1_76' title='bbox 307 1335 410 1398; x_wconf 85' lang='lat' dir='ltr'><strong>dicere</strong></span> <span class='ocrx_word' id='word_1_77' title='bbox 432 1335 540 1400; x_wconf 82' lang='lat' dir='ltr'><strong>voluit</strong></span> <span class='ocrx_word' id='word_1_78' title='bbox 651 1359 663 1384; x_wconf 92' lang='lat'><strong>·</strong></span> <span class='ocrx_word' id='word_1_79' title='bbox 1174 1322 1177 1326; x_wconf 36' lang='grc'>’</span> 
     </span>
    </p>

    <p class='ocr_par' dir='ltr' id='par_1_4' title="bbox 3 1431 1195 2283">
     <span class='ocr_line' id='line_1_11' title="bbox 183 1431 1193 1528; baseline 0.004 -23"><span class='ocrx_word' id='word_1_80' title='bbox 183 1440 247 1506; x_wconf 76' lang='grc' dir='ltr'><strong>διὸ</strong></span> <span class='ocrx_word' id='word_1_81' title='bbox 277 1434 343 1524; x_wconf 72' lang='grc' dir='ltr'><strong>δή,</strong></span> <span class='ocrx_word' id='word_1_82' title='bbox 375 1431 422 1503; x_wconf 74' lang='lat' dir='ltr'><strong>dn</strong></span> <span class='ocrx_word' id='word_1_83' title='bbox 453 1437 497 1503; x_wconf 78' lang='grc' dir='ltr'><strong>τὰ</strong></span> <span class='ocrx_word' id='word_1_84' title='bbox 527 1442 1193 1528; x_wconf 65' lang='grc' dir='ltr'><strong><em>πρῶτονψεῧὸος.προσθεῖναις</em></strong></span> 
     </span>
     <span class='ocr_line' id='line_1_12' title="bbox 3 1529 1194 1640; baseline 0.008 -22"><span class='ocrx_word' id='word_1_85' title='bbox 3 1529 5 1618; x_wconf 64' lang='grc' dir='ltr'>Ϊ</span> <span class='ocrx_word' id='word_1_86' title='bbox 96 1559 264 1618; x_wconf 78' lang='lat' dir='ltr'><strong>convertas</strong></span> <span class='ocrx_word' id='word_1_87' title='bbox 287 1559 319 1615; x_wconf 89' lang='lat' dir='ltr'><strong>et</strong></span> <span class='ocrx_word' id='word_1_88' title='bbox 338 1552 529 1635; x_wconf 69' lang='lat' dir='ltr'><strong>distinguam</strong></span> <span class='ocrx_word' id='word_1_89' title='bbox 560 1570 623 1618; x_wconf 82' lang='lat' dir='ltr'><strong>cur</strong></span> <span class='ocrx_word' id='word_1_90' title='bbox 642 1572 740 1633; x_wconf 82' lang='lat' dir='ltr'><strong>vero,</strong></span> <span class='ocrx_word' id='word_1_91' title='bbox 767 1556 801 1619; x_wconf 80' lang='lat' dir='ltr'><strong>sd</strong></span> <span class='ocrx_word' id='word_1_92' title='bbox 828 1559 924 1640; x_wconf 74' lang='lat' dir='ltr'><strong>prims</strong></span> <span class='ocrx_word' id='word_1_93' title='bbox 953 1555 1096 1640; x_wconf 61' lang='lat' dir='ltr'><strong>samem,</strong></span> <span class='ocrx_word' id='word_1_94' title='bbox 1119 1559 1194 1628; x_wconf 76' lang='lat' dir='ltr'><strong>dom</strong></span> 
     </span>
     <span class='ocr_line' id='line_1_13' title="bbox 96 1660 1195 1751; baseline 0.012 -26"><span class='ocrx_word' id='word_1_95' title='bbox 96 1660 242 1728; x_wconf 75' lang='lat' dir='ltr'><strong>altercer</strong></span> <span class='ocrx_word' id='word_1_96' title='bbox 269 1660 331 1725; x_wconf 79' lang='lat' dir='ltr'><strong>lenc</strong></span> <span class='ocrx_word' id='word_1_97' title='bbox 358 1679 470 1726; x_wconf 76' lang='lat' dir='ltr'><strong>verone</strong></span> <span class='ocrx_word' id='word_1_98' title='bbox 499 1667 573 1741; x_wconf 85' lang='lat' dir='ltr'><strong>est,</strong></span> <span class='ocrx_word' id='word_1_99' title='bbox 607 1667 753 1746; x_wconf 64' lang='lat' dir='ltr'><strong>remorer</strong></span> <span class='ocrx_word' id='word_1_100' title='bbox 772 1669 809 1729; x_wconf 80' lang='lat' dir='ltr'><strong>at</strong></span> <span class='ocrx_word' id='word_1_101' title='bbox 828 1665 864 1729; x_wconf 73' lang='lat' dir='ltr'><strong>td</strong></span> <span class='ocrx_word' id='word_1_102' title='bbox 884 1665 929 1745; x_wconf 79' lang='lat' dir='ltr'><strong>(ln</strong></span> <span class='ocrx_word' id='word_1_103' title='bbox 951 1686 978 1731; x_wconf 90' lang='lat' dir='ltr'><strong>e.</strong></span> <span class='ocrx_word' id='word_1_104' title='bbox 1000 1668 1114 1751; x_wconf 64' lang='lat' dir='ltr'><strong>omns)</strong></span> <span class='ocrx_word' id='word_1_105' title='bbox 1136 1674 1195 1738; x_wconf 75' lang='lat' dir='ltr'><strong>ortt</strong></span> 
     </span>
     <span class='ocr_line' id='line_1_14' title="bbox 94 1769 1192 1858; baseline 0.007 -25"><span class='ocrx_word' id='word_1_106' title='bbox 94 1788 175 1833; x_wconf 78' lang='lat' dir='ltr'><strong>esse</strong></span> <span class='ocrx_word' id='word_1_107' title='bbox 196 1775 256 1834; x_wconf 81' lang='lat' dir='ltr'><strong>out</strong></span> <span class='ocrx_word' id='word_1_108' title='bbox 278 1769 407 1852; x_wconf 76' lang='lat' dir='ltr'><strong>factem</strong></span> <span class='ocrx_word' id='word_1_109' title='bbox 427 1786 504 1834; x_wconf 83' lang='lat' dir='ltr'><strong>esre</strong></span> <span class='ocrx_word' id='word_1_110' title='bbox 525 1770 749 1842; x_wconf 77' lang='lat' dir='ltr'><strong>adiiciamus?</strong></span> <span class='ocrx_word' id='word_1_111' title='bbox 766 1774 978 1856; x_wconf 76' lang='lat' dir='ltr'><strong>deprehendas</strong></span> <span class='ocrx_word' id='word_1_112' title='bbox 1001 1794 1126 1858; x_wconf 83' lang='lat' dir='ltr'><strong>quaeso,</strong></span> <span class='ocrx_word' id='word_1_113' title='bbox 1146 1779 1192 1842; x_wconf 61' lang='lat' dir='ltr'><strong>le,</strong></span> 
     </span>
     <span class='ocr_line' id='line_1_15' title="bbox 46 1874 1194 1966; baseline 0.008 -29"><span class='ocrx_word' id='word_1_114' title='bbox 46 1879 53 1889; x_wconf 77' lang='grc'><em>’</em></span> <span class='ocrx_word' id='word_1_115' title='bbox 95 1882 175 1954; x_wconf 80' lang='lat' dir='ltr'><strong>clar,</strong></span> <span class='ocrx_word' id='word_1_116' title='bbox 195 1874 449 1955; x_wconf 74' lang='lat' dir='ltr'><strong>interpolatorem</strong></span> <span class='ocrx_word' id='word_1_117' title='bbox 476 1881 508 1938; x_wconf 90' lang='lat' dir='ltr'><strong>et</strong></span> <span class='ocrx_word' id='word_1_118' title='bbox 534 1877 694 1940; x_wconf 86' lang='lat' dir='ltr'><strong>molestum</strong></span> <span class='ocrx_word' id='word_1_119' title='bbox 714 1895 821 1942; x_wconf 88' lang='lat' dir='ltr'><strong>eorum</strong></span> <span class='ocrx_word' id='word_1_120' title='bbox 843 1896 923 1961; x_wconf 83' lang='lat' dir='ltr'><strong>quae</strong></span> <span class='ocrx_word' id='word_1_121' title='bbox 942 1884 1082 1962; x_wconf 81' lang='lat' dir='ltr'><strong>proxime</strong></span> <span class='ocrx_word' id='word_1_122' title='bbox 1102 1903 1194 1966; x_wconf 72' lang='lat' dir='ltr'><strong>pree·</strong></span> 
     </span>
     <span class='ocr_line' id='line_1_16' title="bbox 96 1969 1194 2068; baseline 0.009 -22"><span class='ocrx_word' id='word_1_123' title='bbox 96 1988 258 2046; x_wconf 86' lang='lat' dir='ltr'><strong>cesserunt</strong></span> <span class='ocrx_word' id='word_1_124' title='bbox 283 1989 503 2049; x_wconf 85' lang='lat' dir='ltr'><strong>enarratorem.</strong></span> <span class='ocrx_word' id='word_1_125' title='bbox 553 1983 673 2047; x_wconf 89' lang='lat' dir='ltr'><strong>scilicet</strong></span> <span class='ocrx_word' id='word_1_126' title='bbox 699 1990 734 2050; x_wconf 87' lang='lat' dir='ltr'><strong>ot</strong></span> <span class='ocrx_word' id='word_1_127' title='bbox 763 2003 843 2068; x_wconf 82' lang='lat' dir='ltr'><strong>quae</strong></span> <span class='ocrx_word' id='word_1_128' title='bbox 860 1989 951 2051; x_wconf 91' lang='lat' dir='ltr'><strong>modo</strong></span> <span class='ocrx_word' id='word_1_129' title='bbox 972 1997 1036 2053; x_wconf 88' lang='lat' dir='ltr'><strong>tam</strong></span> <span class='ocrx_word' id='word_1_130' title='bbox 1058 1969 1194 2056; x_wconf 81' lang='lat' dir='ltr'><strong>breviter</strong></span> 
     </span>
     <span class='ocr_line' id='line_1_17' title="bbox 3 2081 1192 2182; baseline 0.008 -29"><span class='ocrx_word' id='word_1_131' title='bbox 3 2081 4 2086; x_wconf 59' lang='grc'>’</span> <span class='ocrx_word' id='word_1_132' title='bbox 94 2110 189 2175; x_wconf 85' lang='lat' dir='ltr'><strong>qnam</strong></span> <span class='ocrx_word' id='word_1_133' title='bbox 209 2090 365 2171; x_wconf 74' lang='lat' dir='ltr'><strong>sapienter</strong></span> <span class='ocrx_word' id='word_1_134' title='bbox 383 2092 499 2156; x_wconf 87' lang='lat' dir='ltr'><strong>monita</strong></span> <span class='ocrx_word' id='word_1_135' title='bbox 519 2098 606 2173; x_wconf 86' lang='lat' dir='ltr'><strong>sunt,</strong></span> <span class='ocrx_word' id='word_1_136' title='bbox 637 2112 677 2155; x_wconf 89' lang='lat' dir='ltr'><strong>ea</strong></span> <span class='ocrx_word' id='word_1_137' title='bbox 690 2111 739 2168; x_wconf 86' lang='lat' dir='ltr'><strong>ne</strong></span> <span class='ocrx_word' id='word_1_138' title='bbox 759 2112 857 2175; x_wconf 82' lang='lat' dir='ltr'><strong>preve</strong></span> <span class='ocrx_word' id='word_1_139' title='bbox 878 2095 1011 2160; x_wconf 86' lang='lat' dir='ltr'><strong>lectores</strong></span> <span class='ocrx_word' id='word_1_140' title='bbox 1031 2100 1192 2182; x_wconf 78' lang='lat' dir='ltr'><strong>accipiant,</strong></span> 
     </span>
     <span class='ocr_line' id='line_1_18' title="bbox 93 2193 1193 2283; baseline 0.005 -19"><span class='ocrx_word' id='word_1_141' title='bbox 93 2205 206 2264; x_wconf 79' lang='lat' dir='ltr'><strong>auctor</strong></span> <span class='ocrx_word' id='word_1_142' title='bbox 226 2204 409 2279; x_wconf 80' lang='lat' dir='ltr'><strong>personatus</strong></span> <span class='ocrx_word' id='word_1_143' title='bbox 430 2198 626 2280; x_wconf 79' lang='lat' dir='ltr'><strong>interrogat:</strong></span> <span class='ocrx_word' id='word_1_144' title='bbox 644 2193 740 2280; x_wconf 82' lang='lat' dir='ltr'><strong>“quid</strong></span> <span class='ocrx_word' id='word_1_145' title='bbox 760 2200 845 2282; x_wconf 81' lang='lat' dir='ltr'><strong>cogit</strong></span> <span class='ocrx_word' id='word_1_146' title='bbox 858 2206 902 2281; x_wconf 87' lang='lat' dir='ltr'><strong>ot,</strong></span> <span class='ocrx_word' id='word_1_147' title='bbox 924 2202 952 2266; x_wconf 92' lang='lat' dir='ltr'><strong>si</strong></span> <span class='ocrx_word' id='word_1_148' title='bbox 973 2203 1062 2283; x_wconf 84' lang='lat' dir='ltr'><strong>prins</strong></span> <span class='ocrx_word' id='word_1_149' title='bbox 1080 2205 1193 2270; x_wconf 79' lang='lat' dir='ltr'><strong>faisen</strong></span> 
     </span>
    </p>
   </div>
   <div class='ocr_carea' id='block_1_3' title="bbox 95 2307 1427 2389">
    <p class='ocr_par' dir='ltr' id='par_1_5' title="bbox 95 2307 1427 2389">
     <span class='ocr_line' id='line_1_19' title="bbox 95 2307 1427 2389; baseline 0.002 -17"><span class='ocrx_word' id='word_1_150' title='bbox 95 2310 233 2372; x_wconf 86' lang='lat' dir='ltr'><strong>alterum</strong></span> <span class='ocrx_word' id='word_1_151' title='bbox 261 2314 362 2377; x_wconf 79' lang='lat' dir='ltr'><strong>antem</strong></span> <span class='ocrx_word' id='word_1_152' title='bbox 386 2325 493 2371; x_wconf 88' lang='lat' dir='ltr'><strong>vemm</strong></span> <span class='ocrx_word' id='word_1_153' title='bbox 516 2313 580 2387; x_wconf 88' lang='lat' dir='ltr'><strong>est,</strong></span> <span class='ocrx_word' id='word_1_154' title='bbox 599 2307 694 2371; x_wconf 86' lang='lat' dir='ltr'><strong>etiam</strong></span> <span class='ocrx_word' id='word_1_155' title='bbox 720 2308 808 2389; x_wconf 85' lang='lat' dir='ltr'><strong>prius</strong></span> <span class='ocrx_word' id='word_1_156' title='bbox 828 2327 897 2372; x_wconf 86' lang='lat' dir='ltr'><strong>esse</strong></span> <span class='ocrx_word' id='word_1_157' title='bbox 916 2317 970 2374; x_wconf 84' lang='lat' dir='ltr'><strong>ant</strong></span> <span class='ocrx_word' id='word_1_158' title='bbox 990 2313 1104 2380; x_wconf 81' lang='lat' dir='ltr'><strong>facturn</strong></span> <span class='ocrx_word' id='word_1_159' title='bbox 1125 2331 1194 2375; x_wconf 87' lang='lat' dir='ltr'><strong>esse</strong></span> <span class='ocrx_word' id='word_1_160' title='bbox 1293 2307 1296 2312; x_wconf 79' lang='grc'><strong><em>’</em></strong></span> <span class='ocrx_word' id='word_1_161' title='bbox 1424 2307 1427 2311; x_wconf 77' lang='grc'><strong><em>’</em></strong></span> 
     </span>
    </p>
   </div>
   <div class='ocr_carea' id='block_1_4' title="bbox 3 2407 1193 2830">
    <p class='ocr_par' dir='ltr' id='par_1_6' title="bbox 3 2407 1193 2830">
     <span class='ocr_line' id='line_1_20' title="bbox 3 2407 1193 2501; baseline 0.003 -23"><span class='ocrx_word' id='word_1_162' title='bbox 3 2497 4 2500; x_wconf 9' lang='lat'>¹</span> <span class='ocrx_word' id='word_1_163' title='bbox 93 2414 275 2480; x_wconf 85' lang='lat' dir='ltr'><strong>adiiciamus</strong></span> <span class='ocrx_word' id='word_1_164' title='bbox 285 2407 320 2476; x_wconf 76' lang='lat' dir='ltr'><strong>t‘&#39;</strong></span> <span class='ocrx_word' id='word_1_165' title='bbox 338 2413 419 2478; x_wconf 89' lang='lat' dir='ltr'><strong>idem</strong></span> <span class='ocrx_word' id='word_1_166' title='bbox 444 2412 586 2478; x_wconf 88' lang='lat' dir='ltr'><strong>continno</strong></span> <span class='ocrx_word' id='word_1_167' title='bbox 608 2413 794 2501; x_wconf 82' lang='lat' dir='ltr'><strong>respondet:</strong></span> <span class='ocrx_word' id='word_1_168' title='bbox 815 2432 890 2479; x_wconf 82' lang='lat' dir='ltr'><strong>nom</strong></span> <span class='ocrx_word' id='word_1_169' title='bbox 915 2419 991 2500; x_wconf 75' lang='lat' dir='ltr'><strong>quio</strong></span> <span class='ocrx_word' id='word_1_170' title='bbox 1013 2416 1075 2481; x_wconf 78' lang='lat' dir='ltr'><strong>lroe</strong></span> <span class='ocrx_word' id='word_1_171' title='bbox 1097 2417 1193 2498; x_wconf 69' lang='lat' dir='ltr'><strong>(alte</strong></span> 
     </span>
     <span class='ocr_line' id='line_1_21' title="bbox 3 2519 1192 2603; baseline 0.008 -20"><span class='ocrx_word' id='word_1_172' title='bbox 3 2519 5 2574; x_wconf 74' lang='grc' dir='ltr'><strong>ἱ</strong></span> <span class='ocrx_word' id='word_1_173' title='bbox 94 2521 179 2600; x_wconf 86' lang='lat' dir='ltr'><strong>rom)</strong></span> <span class='ocrx_word' id='word_1_174' title='bbox 201 2539 312 2586; x_wconf 83' lang='lat' dir='ltr'><strong>oerum</strong></span> <span class='ocrx_word' id='word_1_175' title='bbox 334 2537 412 2586; x_wconf 81' lang='lat' dir='ltr'><strong>esse</strong></span> <span class='ocrx_word' id='word_1_176' title='bbox 432 2522 567 2599; x_wconf 69' lang='lat' dir='ltr'><strong>emmas,</strong></span> <span class='ocrx_word' id='word_1_177' title='bbox 590 2524 689 2584; x_wconf 79' lang='lat' dir='ltr'><strong>etiem</strong></span> <span class='ocrx_word' id='word_1_178' title='bbox 702 2523 800 2603; x_wconf 78' lang='lat' dir='ltr'><strong>price</strong></span> <span class='ocrx_word' id='word_1_179' title='bbox 820 2520 916 2603; x_wconf 75' lang='lat' dir='ltr'><strong>falso</strong></span> <span class='ocrx_word' id='word_1_180' title='bbox 936 2528 1192 2596; x_wconf 76' lang='lat' dir='ltr'><strong>ratiocinatione</strong></span> 
     </span>
     <span class='ocr_line' id='line_1_22' title="bbox 3 2629 1190 2718; baseline 0.008 -27"><span class='ocrx_word' id='word_1_181' title='bbox 3 2701 4 2718; x_wconf 12' lang='grc' dir='ltr'>χ</span> <span class='ocrx_word' id='word_1_182' title='bbox 93 2645 260 2712; x_wconf 81' lang='lat' dir='ltr'><strong>procero</strong></span> <span class='ocrx_word' id='word_1_183' title='bbox 284 2629 685 2710; x_wconf 78' lang='lat' dir='ltr'><strong>crimonostraaeeiptt</strong></span> <span class='ocrx_word' id='word_1_184' title='bbox 728 2634 792 2692; x_wconf 80' lang='lat' dir='ltr'><strong>tum</strong></span> <span class='ocrx_word' id='word_1_185' title='bbox 812 2631 921 2695; x_wconf 88' lang='lat' dir='ltr'><strong>adiicit</strong></span> <span class='ocrx_word' id='word_1_186' title='bbox 941 2633 1111 2715; x_wconf 79' lang='lat' dir='ltr'><strong>exemplum</strong></span> <span class='ocrx_word' id='word_1_187' title='bbox 1131 2635 1190 2700; x_wconf 82' lang='lat' dir='ltr'><strong>lroc</strong></span> 
     </span>
     <span class='ocr_line' id='line_1_23' title="bbox 94 2736 1189 2830; baseline 0.004 -28"><span class='ocrx_word' id='word_1_188' title='bbox 94 2756 136 2802; x_wconf 86' lang='lat' dir='ltr'><strong>ex</strong></span> <span class='ocrx_word' id='word_1_189' title='bbox 161 2737 280 2817; x_wconf 89' lang='lat' dir='ltr'><strong>Niptris</strong></span> <span class='ocrx_word' id='word_1_190' title='bbox 302 2755 380 2801; x_wconf 86' lang='lat' dir='ltr'><strong>esse.</strong></span> <span class='ocrx_word' id='word_1_191' title='bbox 422 2738 482 2802; x_wconf 87' lang='lat' dir='ltr'><strong>iam</strong></span> <span class='ocrx_word' id='word_1_192' title='bbox 510 2736 639 2818; x_wconf 81' lang='lat' dir='ltr'><strong>primum</strong></span> <span class='ocrx_word' id='word_1_193' title='bbox 671 2737 785 2820; x_wconf 82' lang='lat' dir='ltr'><strong>aliquis</strong></span> <span class='ocrx_word' id='word_1_194' title='bbox 815 2740 1017 2830; x_wconf 77' lang='lat' dir='ltr'><strong>quaesiverit,</strong></span> <span class='ocrx_word' id='word_1_195' title='bbox 1043 2761 1099 2805; x_wconf 89' lang='lat' dir='ltr'><strong>cur</strong></span> <span class='ocrx_word' id='word_1_196' title='bbox 1122 2761 1189 2812; x_wconf 85' lang='lat' dir='ltr'><strong>earn</strong></span> 
     </span>
    </p>
   </div>
   <div class='ocr_carea' id='block_1_5' title="bbox 3 2847 1190 2931">
    <p class='ocr_par' dir='ltr' id='par_1_7' title="bbox 3 2847 1190 2931">
     <span class='ocr_line' id='line_1_24' title="bbox 3 2847 1190 2931; baseline 0.008 -23"><span class='ocrx_word' id='word_1_197' title='bbox 3 2849 4 2858; x_wconf 78' lang='grc'>’</span> <span class='ocrx_word' id='word_1_198' title='bbox 95 2848 331 2929; x_wconf 84' lang='lat' dir='ltr'><strong>explicationem</strong></span> <span class='ocrx_word' id='word_1_199' title='bbox 361 2848 578 2929; x_wconf 84' lang='lat' dir='ltr'><strong>interpolatori</strong></span> <span class='ocrx_word' id='word_1_200' title='bbox 610 2847 713 2929; x_wconf 85' lang='lat' dir='ltr'><strong>potius</strong></span> <span class='ocrx_word' id='word_1_201' title='bbox 741 2864 831 2930; x_wconf 83' lang='lat' dir='ltr'><strong>qnam</strong></span> <span class='ocrx_word' id='word_1_202' title='bbox 856 2850 917 2931; x_wconf 89' lang='lat' dir='ltr'><strong>ipsi</strong></span> <span class='ocrx_word' id='word_1_203' title='bbox 942 2849 1104 2914; x_wconf 81' lang='lat' dir='ltr'><strong>Aristoteli</strong></span> <span class='ocrx_word' id='word_1_204' title='bbox 1131 2871 1190 2918; x_wconf 79' lang='lat' dir='ltr'><strong>soc</strong></span> 
     </span>
    </p>
   </div>
   <div class='ocr_carea' id='block_1_6' title="bbox 3 2955 1226 4323">
    <p class='ocr_par' dir='ltr' id='par_1_8' title="bbox 3 2955 1226 4323">
     <span class='ocr_line' id='line_1_25' title="bbox 95 2955 1189 3050; baseline 0.004 -29"><span class='ocrx_word' id='word_1_205' title='bbox 95 2956 145 3021; x_wconf 78' lang='lat' dir='ltr'><strong>lois</strong></span> <span class='ocrx_word' id='word_1_206' title='bbox 158 2956 351 3020; x_wconf 87' lang='lat' dir='ltr'><strong>enmrtiataro</strong></span> <span class='ocrx_word' id='word_1_207' title='bbox 371 2955 600 3020; x_wconf 84' lang='lat' dir='ltr'><strong>vindicaverim.</strong></span> <span class='ocrx_word' id='word_1_208' title='bbox 619 2972 700 3037; x_wconf 84' lang='lat' dir='ltr'><strong>qnae</strong></span> <span class='ocrx_word' id='word_1_209' title='bbox 718 2955 921 3037; x_wconf 83' lang='lat' dir='ltr'><strong>respondeam</strong></span> <span class='ocrx_word' id='word_1_210' title='bbox 940 2956 1189 3050; x_wconf 67' lang='lat' dir='ltr'><strong>tenachaleni.</strong></span> 
     </span>
     <span class='ocr_line' id='line_1_26' title="bbox 3 3062 1188 3148; baseline -0.002 -22"><span class='ocrx_word' id='word_1_211' title='bbox 3 3099 4 3126; x_wconf 66' lang='lat'>3</span> <span class='ocrx_word' id='word_1_212' title='bbox 93 3082 175 3146; x_wconf 80' lang='lat' dir='ltr'><strong>quae</strong></span> <span class='ocrx_word' id='word_1_213' title='bbox 191 3063 283 3142; x_wconf 84' lang='lat' dir='ltr'><strong>istam</strong></span> <span class='ocrx_word' id='word_1_214' title='bbox 304 3063 511 3146; x_wconf 80' lang='lat' dir='ltr'><strong>quaestionem</strong></span> <span class='ocrx_word' id='word_1_215' title='bbox 532 3067 563 3124; x_wconf 89' lang='lat' dir='ltr'><strong>et</strong></span> <span class='ocrx_word' id='word_1_216' title='bbox 576 3062 804 3143; x_wconf 86' lang='lat' dir='ltr'><strong>responsionem</strong></span> <span class='ocrx_word' id='word_1_217' title='bbox 825 3064 979 3127; x_wconf 85' lang='lat' dir='ltr'><strong>antecedit</strong></span> <span class='ocrx_word' id='word_1_218' title='bbox 999 3065 1046 3129; x_wconf 87' lang='lat' dir='ltr'><strong>rei</strong></span> <span class='ocrx_word' id='word_1_219' title='bbox 1065 3065 1188 3148; x_wconf 71' lang='lat' dir='ltr'><strong>exponi.</strong></span> 
     </span>
     <span class='ocr_line' id='line_1_27' title="bbox 3 3167 1187 3256; baseline 0.003 -23"><span class='ocrx_word' id='word_1_220' title='bbox 3 3203 4 3214; x_wconf 28' lang='grc' dir='ltr'><strong>κ</strong></span> <span class='ocrx_word' id='word_1_221' title='bbox 92 3171 150 3246; x_wconf 86' lang='lat' dir='ltr'><strong>tio,</strong></span> <span class='ocrx_word' id='word_1_222' title='bbox 172 3188 211 3232; x_wconf 88' lang='lat' dir='ltr'><strong>eo</strong></span> <span class='ocrx_word' id='word_1_223' title='bbox 233 3176 264 3232; x_wconf 92' lang='lat' dir='ltr'><strong>et</strong></span> <span class='ocrx_word' id='word_1_224' title='bbox 284 3170 393 3234; x_wconf 85' lang='lat' dir='ltr'><strong>melios</strong></span> <span class='ocrx_word' id='word_1_225' title='bbox 413 3175 445 3231; x_wconf 92' lang='lat' dir='ltr'><strong>et</strong></span> <span class='ocrx_word' id='word_1_226' title='bbox 465 3167 577 3231; x_wconf 88' lang='lat' dir='ltr'><strong>rectius</strong></span> <span class='ocrx_word' id='word_1_227' title='bbox 609 3185 676 3232; x_wconf 86' lang='lat' dir='ltr'><strong>rem</strong></span> <span class='ocrx_word' id='word_1_228' title='bbox 696 3169 914 3236; x_wconf 87' lang='lat' dir='ltr'><strong>declarandam</strong></span> <span class='ocrx_word' id='word_1_229' title='bbox 933 3173 1077 3254; x_wconf 82' lang='lat' dir='ltr'><strong>explicat,</strong></span> <span class='ocrx_word' id='word_1_230' title='bbox 1096 3193 1187 3256; x_wconf 81' lang='lat' dir='ltr'><strong>quam</strong></span> 
     </span>
     <span class='ocr_line' id='line_1_28' title="bbox 91 3276 1186 3362; baseline 0.001 -18"><span class='ocrx_word' id='word_1_231' title='bbox 91 3281 148 3344; x_wconf 92' lang='lat' dir='ltr'><strong>illo</strong></span> <span class='ocrx_word' id='word_1_232' title='bbox 173 3278 381 3344; x_wconf 83' lang='lat' dir='ltr'><strong>additamento</strong></span> <span class='ocrx_word' id='word_1_233' title='bbox 399 3276 468 3342; x_wconf 88' lang='lat' dir='ltr'><strong>lieri</strong></span> <span class='ocrx_word' id='word_1_234' title='bbox 489 3278 633 3341; x_wconf 87' lang='lat' dir='ltr'><strong>videmus.</strong></span> <span class='ocrx_word' id='word_1_235' title='bbox 675 3276 780 3359; x_wconf 83' lang='lat' dir='ltr'><strong>itaque</strong></span> <span class='ocrx_word' id='word_1_236' title='bbox 803 3285 835 3340; x_wconf 88' lang='lat' dir='ltr'><strong>et</strong></span> <span class='ocrx_word' id='word_1_237' title='bbox 856 3278 1061 3360; x_wconf 81' lang='lat' dir='ltr'><strong>interrogatio</strong></span> <span class='ocrx_word' id='word_1_238' title='bbox 1081 3281 1186 3362; x_wconf 74' lang='lat' dir='ltr'><strong>inepta</strong></span> 
     </span>
     <span class='ocr_line' id='line_1_29' title="bbox 92 3382 1185 3466; baseline -0.001 -16"><span class='ocrx_word' id='word_1_239' title='bbox 92 3393 141 3450; x_wconf 89' lang='lat' dir='ltr'><strong>est</strong></span> <span class='ocrx_word' id='word_1_240' title='bbox 164 3392 197 3448; x_wconf 89' lang='lat' dir='ltr'><strong>et</strong></span> <span class='ocrx_word' id='word_1_241' title='bbox 215 3385 374 3466; x_wconf 87' lang='lat' dir='ltr'><strong>responsio</strong></span> <span class='ocrx_word' id='word_1_242' title='bbox 396 3385 526 3447; x_wconf 72' lang='lat' dir='ltr'><strong>inutilis</strong></span> <span class='ocrx_word' id='word_1_243' title='bbox 566 3403 660 3465; x_wconf 89' lang='lat' dir='ltr'><strong>porro</strong></span> <span class='ocrx_word' id='word_1_244' title='bbox 681 3392 765 3446; x_wconf 88' lang='lat' dir='ltr'><strong>reete</strong></span> <span class='ocrx_word' id='word_1_245' title='bbox 786 3382 861 3448; x_wconf 87' lang='lat' dir='ltr'><strong>dicit</strong></span> <span class='ocrx_word' id='word_1_246' title='bbox 880 3385 1064 3448; x_wconf 84' lang='lat' dir='ltr'><strong>Aristoteles</strong></span> <span class='ocrx_word' id='word_1_247' title='bbox 1088 3388 1185 3452; x_wconf 84' lang='lat' dir='ltr'><strong>homi-</strong></span> 
     </span>
     <span class='ocr_line' id='line_1_30' title="bbox 92 3486 1184 3575; baseline 0.001 -19"><span class='ocrx_word' id='word_1_248' title='bbox 92 3512 149 3557; x_wconf 88' lang='lat' dir='ltr'><strong>nes</strong></span> <span class='ocrx_word' id='word_1_249' title='bbox 174 3494 315 3573; x_wconf 77' lang='lat' dir='ltr'><strong>opinorr,</strong></span> <span class='ocrx_word' id='word_1_250' title='bbox 336 3492 366 3554; x_wconf 81' lang='lat' dir='ltr'><strong>lr.</strong></span> <span class='ocrx_word' id='word_1_251' title='bbox 388 3510 414 3553; x_wconf 90' lang='lat' dir='ltr'><strong>e.</strong></span> <span class='ocrx_word' id='word_1_252' title='bbox 437 3487 532 3571; x_wconf 69' lang='lat' dir='ltr'><strong>culpo</strong></span> <span class='ocrx_word' id='word_1_253' title='bbox 545 3490 611 3552; x_wconf 86' lang='lat' dir='ltr'><strong>sive</strong></span> <span class='ocrx_word' id='word_1_254' title='bbox 630 3486 707 3569; x_wconf 77' lang='lat' dir='ltr'><strong>fere</strong></span> <span class='ocrx_word' id='word_1_255' title='bbox 720 3491 853 3571; x_wconf 86' lang='lat' dir='ltr'><strong>opinari,</strong></span> <span class='ocrx_word' id='word_1_256' title='bbox 875 3510 980 3555; x_wconf 85' lang='lat' dir='ltr'><strong>verum</strong></span> <span class='ocrx_word' id='word_1_257' title='bbox 1001 3510 1069 3555; x_wconf 90' lang='lat' dir='ltr'><strong>esse</strong></span> <span class='ocrx_word' id='word_1_258' title='bbox 1088 3496 1184 3575; x_wconf 85' lang='lat' dir='ltr'><strong>prius,</strong></span> 
     </span>
     <span class='ocr_line' id='line_1_31' title="bbox 91 3594 1226 3675; baseline -0.001 -11"><span class='ocrx_word' id='word_1_259' title='bbox 91 3602 118 3665; x_wconf 89' lang='lat' dir='ltr'><strong>sl</strong></span> <span class='ocrx_word' id='word_1_260' title='bbox 140 3618 210 3662; x_wconf 89' lang='lat' dir='ltr'><strong>esse</strong></span> <span class='ocrx_word' id='word_1_261' title='bbox 230 3601 361 3662; x_wconf 88' lang='lat' dir='ltr'><strong>alterum</strong></span> <span class='ocrx_word' id='word_1_262' title='bbox 380 3595 527 3657; x_wconf 87' lang='lat' dir='ltr'><strong>sciverint</strong></span> <span class='ocrx_word' id='word_1_263' title='bbox 548 3594 628 3675; x_wconf 88' lang='lat' dir='ltr'><strong>quod</strong></span> <span class='ocrx_word' id='word_1_264' title='bbox 647 3600 719 3675; x_wconf 85' lang='lat' dir='ltr'><strong>post</strong></span> <span class='ocrx_word' id='word_1_265' title='bbox 730 3594 815 3675; x_wconf 86' lang='lat' dir='ltr'><strong>prins</strong></span> <span class='ocrx_word' id='word_1_266' title='bbox 836 3596 976 3658; x_wconf 86' lang='lat' dir='ltr'><strong>accidere</strong></span> <span class='ocrx_word' id='word_1_267' title='bbox 998 3598 1116 3662; x_wconf 84' lang='lat' dir='ltr'><strong>soleat:</strong></span> <span class='ocrx_word' id='word_1_268' title='bbox 1135 3600 1184 3663; x_wconf 91' lang='lat' dir='ltr'><strong>ln-</strong></span> <span class='ocrx_word' id='word_1_269' title='bbox 1223 3607 1226 3612; x_wconf 83' lang='lat'>&#39;</span> 
     </span>
     <span class='ocr_line' id='line_1_32' title="bbox 92 3699 1184 3790; baseline 0.002 -22"><span class='ocrx_word' id='word_1_270' title='bbox 92 3707 266 3787; x_wconf 85' lang='lat' dir='ltr'><strong>terpolator</strong></span> <span class='ocrx_word' id='word_1_271' title='bbox 283 3721 358 3766; x_wconf 87' lang='lat' dir='ltr'><strong>vero</strong></span> <span class='ocrx_word' id='word_1_272' title='bbox 371 3702 452 3763; x_wconf 89' lang='lat' dir='ltr'><strong>idem</strong></span> <span class='ocrx_word' id='word_1_273' title='bbox 464 3701 657 3764; x_wconf 83' lang='lat' dir='ltr'><strong>necessario</strong></span> <span class='ocrx_word' id='word_1_274' title='bbox 677 3699 746 3762; x_wconf 85' lang='lat' dir='ltr'><strong>lieri</strong></span> <span class='ocrx_word' id='word_1_275' title='bbox 766 3701 848 3763; x_wconf 88' lang='lat' dir='ltr'><strong>falso</strong></span> <span class='ocrx_word' id='word_1_276' title='bbox 868 3709 965 3782; x_wconf 86' lang='lat' dir='ltr'><strong>putat</strong></span> <span class='ocrx_word' id='word_1_277' title='bbox 987 3710 1018 3768; x_wconf 76' lang='lat'><strong>2.</strong></span> <span class='ocrx_word' id='word_1_278' title='bbox 1039 3706 1184 3790; x_wconf 83' lang='lat' dir='ltr'><strong>loquendi</strong></span> 
     </span>
     <span class='ocr_line' id='line_1_33' title="bbox 91 3808 1183 3893; baseline 0.001 -17"><span class='ocrx_word' id='word_1_279' title='bbox 91 3814 173 3877; x_wconf 90' lang='lat' dir='ltr'><strong>ratio</strong></span> <span class='ocrx_word' id='word_1_280' title='bbox 207 3816 475 3876; x_wconf 84' lang='lat' dir='ltr'><strong>commentatorem</strong></span> <span class='ocrx_word' id='word_1_281' title='bbox 504 3808 616 3889; x_wconf 84' lang='lat' dir='ltr'><strong>prodit.</strong></span> <span class='ocrx_word' id='word_1_282' title='bbox 659 3815 726 3888; x_wconf 88' lang='lat' dir='ltr'><strong>&#39;pro</strong></span> <span class='ocrx_word' id='word_1_283' title='bbox 754 3808 935 3874; x_wconf 83' lang='lat' dir='ltr'><strong>Aristotelio</strong></span> <span class='ocrx_word' id='word_1_284' title='bbox 971 3809 1124 3893; x_wconf 72' lang='grc' dir='ltr'><strong>πρότερον</strong></span> <span class='ocrx_word' id='word_1_285' title='bbox 1151 3820 1183 3877; x_wconf 93' lang='lat' dir='ltr'><strong>et</strong></span> 
     </span>
     <span class='ocr_line' id='line_1_34' title="bbox 89 3904 1186 4004; baseline 0 -24"><span class='ocrx_word' id='word_1_286' title='bbox 89 3912 225 3999; x_wconf 70' lang='grc' dir='ltr'><strong><em>ὕστερον</em></strong></span> <span class='ocrx_word' id='word_1_287' title='bbox 244 3918 300 3982; x_wconf 85' lang='lat' dir='ltr'><strong>ille</strong></span> <span class='ocrx_word' id='word_1_288' title='bbox 334 3913 568 3999; x_wconf 59' lang='lat' dir='ltr'><strong>prostituentes</strong></span> <span class='ocrx_word' id='word_1_289' title='bbox 598 3922 630 3978; x_wconf 92' lang='lat' dir='ltr'><strong>et</strong></span> <span class='ocrx_word' id='word_1_290' title='bbox 649 3904 762 3997; x_wconf 70' lang='lat' dir='ltr'><strong>donno,</strong></span> <span class='ocrx_word' id='word_1_291' title='bbox 791 3936 847 3998; x_wconf 82' lang='lat' dir='ltr'><strong>pro</strong></span> <span class='ocrx_word' id='word_1_292' title='bbox 880 3913 1001 3980; x_wconf 80' lang='grc' dir='ltr'><strong><em>οἴονται</em></strong></span> <span class='ocrx_word' id='word_1_293' title='bbox 1020 3908 1186 4004; x_wconf 70' lang='grc' dir='ltr'><strong>ἄνθρωποι</strong></span> 
     </span>
     <span class='ocr_line' id='line_1_35' title="bbox 89 4015 1183 4109; baseline 0.001 -20"><span class='ocrx_word' id='word_1_294' title='bbox 89 4024 225 4090; x_wconf 86' lang='lat' dir='ltr'><strong>admittit</strong></span> <span class='ocrx_word' id='word_1_295' title='bbox 244 4016 593 4103; x_wconf 70' lang='grc' dir='ltr'><strong>παραλογιζεται-ἡμῶν</strong></span> <span class='ocrx_word' id='word_1_296' title='bbox 612 4016 632 4100; x_wconf 78' lang='grc' dir='ltr'><em>ἦ</em></span> <span class='ocrx_word' id='word_1_297' title='bbox 655 4015 756 4101; x_wconf 68' lang='grc' dir='ltr'><em>ψυχή.</em></span> <span class='ocrx_word' id='word_1_298' title='bbox 799 4028 831 4087; x_wconf 65' lang='grc' dir='ltr'><strong>τὶ</strong></span> <span class='ocrx_word' id='word_1_299' title='bbox 846 4023 927 4089; x_wconf 75' lang='lat' dir='ltr'><strong>banc</strong></span> <span class='ocrx_word' id='word_1_300' title='bbox 939 4027 1183 4109; x_wconf 80' lang='lat' dir='ltr'><strong>explicationem,</strong></span> 
     </span>
     <span class='ocr_line' id='line_1_36' title="bbox 15 4123 1184 4217; baseline 0.003 -22"><span class='ocrx_word' id='word_1_301' title='bbox 15 4123 20 4132; x_wconf 79' lang='grc'>’</span> <span class='ocrx_word' id='word_1_302' title='bbox 90 4131 242 4215; x_wconf 77' lang='lat' dir='ltr'><strong>quomodo</strong></span> <span class='ocrx_word' id='word_1_303' title='bbox 263 4132 347 4196; x_wconf 81' lang='lat' dir='ltr'><strong>false</strong></span> <span class='ocrx_word' id='word_1_304' title='bbox 366 4131 450 4214; x_wconf 82' lang='lat' dir='ltr'><strong>loqui</strong></span> <span class='ocrx_word' id='word_1_305' title='bbox 470 4129 642 4209; x_wconf 81' lang='lat' dir='ltr'><strong>conveniat,</strong></span> <span class='ocrx_word' id='word_1_306' title='bbox 661 4128 846 4212; x_wconf 75' lang='lat' dir='ltr'><strong>exemplam</strong></span> <span class='ocrx_word' id='word_1_307' title='bbox 859 4124 1091 4215; x_wconf 74' lang='grc' dir='ltr'><strong>(παράδειγμα)</strong></span> <span class='ocrx_word' id='word_1_308' title='bbox 1112 4154 1184 4217; x_wconf 90' lang='lat' dir='ltr'><strong>per-</strong></span> 
     </span>
     <span class='ocr_line' id='line_1_37' title="bbox 92 4235 1185 4323; baseline 0.002 -17"><span class='ocrx_word' id='word_1_309' title='bbox 92 4259 185 4306; x_wconf 87' lang='lat' dir='ltr'><strong>verse</strong></span> <span class='ocrx_word' id='word_1_310' title='bbox 204 4239 351 4321; x_wconf 82' lang='lat' dir='ltr'><strong>appellat,</strong></span> <span class='ocrx_word' id='word_1_311' title='bbox 370 4239 462 4323; x_wconf 73' lang='lat' dir='ltr'><strong>idque</strong></span> <span class='ocrx_word' id='word_1_312' title='bbox 492 4256 532 4303; x_wconf 70' lang='lat' dir='ltr'><strong>ex</strong></span> <span class='ocrx_word' id='word_1_313' title='bbox 554 4235 689 4320; x_wconf 72' lang='lat' dir='ltr'><strong>Ninon</strong></span> <span class='ocrx_word' id='word_1_314' title='bbox 716 4238 844 4320; x_wconf 82' lang='lat' dir='ltr'><strong>petitum</strong></span> <span class='ocrx_word' id='word_1_315' title='bbox 865 4258 933 4303; x_wconf 87' lang='lat' dir='ltr'><strong>esse</strong></span> <span class='ocrx_word' id='word_1_316' title='bbox 954 4241 1047 4306; x_wconf 82' lang='lat' dir='ltr'><strong>dicitr</strong></span> <span class='ocrx_word' id='word_1_317' title='bbox 1068 4243 1185 4308; x_wconf 84' lang='lat' dir='ltr'><strong>scilicet</strong></span> 
     </span>
    </p>
   </div>
   <div class='ocr_carea' id='block_1_7' title="bbox 0 0 1450 4917">
    <p class='ocr_par' dir='ltr' id='par_1_9' title="bbox 0 0 1450 4917">
     <span class='ocr_line' id='line_1_38' title="bbox 0 0 1450 4917; baseline 0 3"><span class='ocrx_word' id='word_1_318' title='bbox 0 0 1450 4917; x_wconf 95' lang='lat' dir='ltr'><strong> </strong></span> 
     </span>
    </p>
   </div>
  </div>
 </body>
</html>
