2892 4917
429 304 547 370 ΠΕΡΙ
565 303 845 370 ΠΟΙΗΤΙΚΗΣ.
1138 314 1182 374 20

89 474 148 563 οάγ
167 474 251 565 αὕτη
272 478 336 545 dud
356 481 533 569 τραγριδιας
551 480 664 565 ἡδονή,
694 479 775 545 α’λλά
797 484 920 564 μᾶλλον
938 484 994 568 τῆς
1014 486 1182 572 κωμριδιας

91 596 202 663 οἰκεία·
252 598 322 663 ἐκεῖ
344 593 425 682 γάρ,
446 590 486 661 dr
519 595 550 662 οἱ
571 595 715 680 ἕχδιστοι
738 591 817 663 οἷσιν
845 601 880 664 ἐν
902 602 946 688 τῷ
967 600 1084 690 μάδῳ,
1115 594 1181 667 οἷον

91 715 231 797 Ὀρέστης
251 711 307 777 καί
318 710 488 796 Αἴγισθος,
510 715 599 799 φίλοι
620 714 784 797 γενόμενοι
799 714 855 781 εἰιί
871 721 1018 803 τελευτῆς
1037 721 1183 804 ἔξίρχον·

39 955 87 1019 14
159 940 249 1014 Ἔστι
267 950 328 1027 μὲν
351 940 409 1010 οὖν
425 942 462 1011 τά
486 944 626 1032 φοβεράν
648 950 704 1013 καί
722 946 858 1014 ἐλεεινὸν
879 953 915 1014 ἑκ
934 953 989 1033 τῆς
1009 943 1116 1033 ὅψεως
1135 953 1184 1034 γί·

90 1067 221 1141 vendor,
255 1058 379 1129 ἔστιδὲ
407 1066 462 1129 καί
487 1066 522 1142 ἐξ
544 1065 642 1149 ον’τῆς
658 1068 714 1148 τῆς
736 1063 919 1141 συστάσεως
951 1072 1015 1133 τῶν
1033 1066 1182 1151 πραγμά-

93 1202 170 1263 των,
197 1173 275 1265 άπερ
303 1178 374 1244 ἐστὶ
396 1180 551 1265 πρότερον
580 1183 637 1245 καί
664 1185 799 1266 ποιητοῦ
828 1183 1002 1263 ἀμείνονος.
1051 1186 1105 1247 δεῖ
1120 1185 1183 1267 γάρ

94 1294 144 1359 κατ’
172 1287 250 1360 ἄνευ
280 1299 338 1361 τοῦ
367 1292 448 1381 ὄράν
475 1290 562 1363 orico>
588 1298 781 1363 συνεστάναι
810 1296 865 1364 τ’ὀν
890 1303 997 1379 μάθον
1022 1297 1106 1366 ὥστε
1129 1299 1184 1365 τὸν

94 1413 243 1477 α’κοάοντα
263 1411 304 1477 τά
332 1413 505 1498 πράγματα
527 1414 677 1497 γινόμενα
708 1419 765 1478 καί
785 1416 928 1501 φρίττειν
955 1414 1011 1480 κατ’
1029 1397 1129 1481 ἐλεεῖν
1148 1419 1185 1481 εἰι

63 1530 151 1595 torota
183 1528 444 1613 συμβαινόντων·
496 1525 579 1616 άπερ
610 1522 651 1595 άν
684 1530 785 1597 πάθοι
815 1556 868 1607 τις
893 1525 1017 1597 άκοάων
1043 1530 1100 1598 τάν
1124 1535 1195 1618 τοῦΙ

97 1647 263 1721 Οἰδίποδος
280 1648 396 1728 μάθον.
436 1645 483 1711 ’τὸ
513 1648 550 1713 δὲ
574 1646 629 1712 διά
657 1651 713 1730 τῆς
733 1642 839 1729 ὅψεως
861 1654 955 1713 τοῦτο
976 1647 1212 1732 παρασκευάσῃ

95 1763 154 1840 ζειν
173 1759 381 1849 α’τεχνότερον
401 1761 458 1827 καί
474 1767 627 1849 χορηγίας
652 1759 804 1845 δεόμενόν
830 1767 925 1830 ἐστιν.
977 1764 1008 1830 oi
1029 1767 1065 1830 δὲ
1081 1765 1126 1851 μὴ
1148 1766 1183 1832 τά

96 1875 230 1964 φοβεράν
250 1877 306 1948 διά
326 1882 381 1964 τῆς
400 1872 507 1962 ὅψεως
527 1879 609 1946 α’λλά
630 1877 665 1944 τά
678 1883 854 1965 τερατῶδες
867 1880 962 1963 μόνον
982 1883 1186 1965 παρασκευά-

97 1997 195 2074 ζοντες
216 1998 311 2062 ου’δδν
330 2000 492 2087 τραγῳδίᾳ
511 2000 735 2064 κοινωνοῦσιν·
786 1998 825 2063 σά
844 1999 906 2084 γάρ
929 2001 1036 2065 πᾶσαν
1057 2002 1111 2064 δεῖ
1130 2001 1185 2083 ζη-
1276 1983 1283 2006 ’

68 2112 294 2199 ιοτεῖιρῆδονῆι
322 2113 386 2178 cini
406 2112 602 2202 τραγῳδιας,
627 2111 709 2178 ἀλλά
732 2111 791 2200 τήν
810 2116 937 2180 οἰκείαν.
981 2114 1052 2181 ἐπεὶ
1070 2117 1107 2180 δὲ
1126 2115 1211 2201 τὴνὸ

99 2220 155 2292 sind
175 2231 266 2295 ἐλέου
294 2229 350 2295 καί
373 2230 477 2318 φόβου
500 2229 553 2295 διὰ
574 2228 739 2316 μιμήσεως
772 2231 824 2294 δεῖ
845 2227 961 2316 ἡδονάν
982 2231 1184 2315 παρασκευά·

99 2345 156 2423 ζειν
175 2342 231 2411 τόν
259 2346 411 2433 ποιητήν,
435 2345 573 2434 φανεράν
601 2345 644 2423 ὠς
663 2349 759 2412 τοῦτο
780 2349 814 2412 ἐν
833 2352 900 2423 τοῖς
919 2346 1104 2434 πράγμασιν
1125 2347 1184 2430 ἐμ-

101 2583 222 2651 toribus.
279 2594 326 2654 est
354 2604 432 2646 vero
462 2606 498 2647 ea
525 2607 589 2647 non
617 2584 801 2669 tragoediae
820 2586 984 2667 voluptas,
1003 2583 1058 2648 sed
1078 2586 1185 2668 potius

102 2683 272 2746 comoediae
295 2686 449 2767 propria:
476 2687 538 2747 illic
560 2686 661 2765 enim,
685 2688 740 2769 qui
764 2687 962 2748 inimicissimi
983 2696 1057 2748 sunt
1081 2687 1112 2747 in
1136 2689 1184 2748 fa.

101 2782 175 2863 buia,
197 2786 417 2848 velutOrestes
438 2797 470 2849 et
495 2787 663 2870 Aegisthus,
684 2788 819 2848 amicitia
840 2787 917 2849 inita
938 2798 1097 2870 postremo
1119 2788 1184 2851 dis-

103 2886 223 2964 cedunt,
252 2908 310 2948 nec
322 2888 415 2970 perit
432 2888 596 2969 quisquam
616 2909 634 2947 a
656 2908 826 2970 quoquam.

178 2985 224 3048 14.
266 2989 312 3048 Ac
331 2996 434 3071 potest
465 2986 552 3072 quod
583 2987 755 3049 timendum
785 2998 817 3049 et
839 2987 1050 3049 miserandum
1072 3009 1107 3050 ex
1129 2988 1185 3050 ad-

102 3097 200 3168 spectu
218 3088 319 3166 nasei,
349 3097 455 3170 potest
482 3089 577 3151 etiam
604 3109 640 3151 ex
660 3089 727 3170 ipsa
748 3089 976 3171 compositione
1006 3089 1183 3168 factorum,

103 3188 180 3269 quod
206 3198 251 3250 est
284 3188 391 3271 potius
423 3198 456 3251 ct
481 3196 595 3271 poetae
632 3190 781 3251 melioris.
832 3197 963 3270 oportet
982 3188 1066 3251 enim
1089 3190 1184 3252 etiem

102 3287 157 3349 sine
174 3291 367 3372 spectatione
388 3288 432 3351 ita
453 3289 654 3351 constitutam
674 3310 746 3358 esse
765 3288 920 3364 fabulam,
950 3296 986 3349 ut
1006 3289 1061 3373 qni
1076 3290 1185 3351 audiat

103 3409 172 3471 quae
191 3402 325 3475 agantur
349 3393 489 3474 fiantque
509 3399 542 3452 et
560 3388 757 3453 inhorrescat
779 3398 811 3450 et
832 3390 1016 3450 misereatur
1048 3399 1185 3471 propter

102 3510 134 3550 ea
166 3514 243 3575 quae
284 3493 488 3573 contingunt3
518 3489 552 3550 id
590 3491 678 3574 quod
715 3489 866 3551 acciderit
895 3475 1036 3550 audienti
1068 3488 1184 3571 Oedipi

101 3591 235 3653 subulam.
287 3592 480 3674 spectatione
510 3600 616 3652 antem
643 3591 704 3652 hoc
732 3611 845 3672 parare
882 3599 913 3651 et
940 3589 980 3649 ab
1016 3597 1084 3650 arte
1114 3611 1183 3650 ma.

102 3692 138 3772 gis
159 3694 290 3756 alienum
312 3701 344 3755 et
364 3690 510 3774 choregia
535 3690 662 3774 indiget.
718 3690 773 3773 qui
796 3710 872 3751 vero
902 3709 941 3751 ne
964 3688 1051 3771 quod
1070 3689 1187 3751 timen·‘

102 3790 167 3853 dum
197 3791 325 3877 quidem
357 3813 415 3875 per
445 3792 670 3873 spectationem
699 3789 754 3852 sed
784 3789 907 3851 nonnisi
935 3787 1022 3872 quod
1048 3801 1183 3871 porten-

102 3899 193 3955 tosum
214 3903 417 3976 comparant,
439 3892 518 3953 nihii
548 3914 622 3953 cnm
641 3889 803 3973 tragoedia
825 3890 943 3972 negotii
964 3889 1095 3952 habent:
1117 3910 1182 3951 non

20 4015 21 4058 2
101 3994 174 4054 euim
202 3993 352 4056 convenit
378 4013 608 4106 quamcumque
634 3994 829 4104 voluptatem
857 3989 979 4074 exigere
1003 4014 1022 4052 a
1054 4001 1182 4072 tragoe-

103 4090 163 4171 dia,
193 4093 246 4156 sed
282 4114 363 4178 quae
399 4094 439 4154 sit
469 4093 611 4176 propria.
663 4092 812 4175 quoniam
848 4099 953 4153 autem
983 4112 1020 4152 ex
1054 4091 1182 4151 misera-

20 4239 21 4250 ,
101 4191 179 4256 tione
198 4206 230 4258 et
255 4194 372 4257 timore
398 4193 593 4275 voluptatem
620 4214 679 4274 per
700 4193 907 4253 imitationem
936 4191 1030 4258 debet
1052 4212 1182 4274 compa-

20 4261 23 4386 i
102 4312 166 4358 rare
184 4304 289 4380 poeta,
311 4295 373 4359 hoc
393 4295 482 4359 factis
502 4292 700 4409 inserendum
722 4314 785 4358 esse
799 4292 995 4355 manifestum
1017 4301 1074 4358 est.
1101 4313 1182 4377 quac
