2892 4917
428 284 846 363 nerinornrnfflr.
921 235 922 240 Ν
1136 287 1178 349 ω

90 475 229 548 νείάαις·
272 467 401 538 ίάοῦσαι
421 469 483 555 γάρ
504 467 559 535 τὸν
579 466 675 534 τόπον
693 468 934 548 συνελογίσαντο
948 465 1007 548 τὴν
1026 462 1180 548 εἱμαρμέ-

89 613 151 674 νην,
178 583 230 652 ὅτι
250 578 402 675 ἐντούτῳ
427 589 560 670 εἵμαρτο
580 584 755 648 ἀποθανεῖν
774 581 909 656 αὐτοῖς·
952 578 1008 644 κατ’
1029 577 1089 664 γάρ
1112 584 1180 659 ἑξε.

88 707 226 789 τέθησαν
246 705 398 770 ἐνταῦθα.
440 699 509 766 ἔστι
529 701 566 765 δέ
586 723 633 773 τις
653 695 709 763 καί
728 697 863 781 συνθετὴ
884 698 920 762 ἐκ
939 693 1206 782 παραλογισμοιῖγ

20 817 22 884 ?
90 823 143 885 sori
151 821 307 903 θεάτρου,
332 813 399 884 οἷον
413 819 445 882 ἐν
462 818 508 904 τῷ
524 817 675 881 Ὀδυσσεῖ
689 815 733 897 τῷ
752 814 969 900 ψευδαγγὲλῳ·
991 809 1024 877 τὸ
1039 816 1098 892 μὲν
1117 809 1179 897 γάρ

20 941 21 946 ’
69 933 173 1015 δτόξον
200 932 266 1022 ἔφη
284 930 503 1018 odoratast*
532 933 592 1014 οὐχ
612 926 762 1016 ἑωράκει,
788 925 824 992 τὸ
853 930 901 1009 δι’,
932 926 975 1004 ὥς
996 930 1037 991 δι’
1059 931 1178 991 ἐκείνου

91 1052 373 1139 άναγνωριοῦντος,
403 1046 457 1116 διά
485 1044 600 1114 τούτου
630 1046 760 1130 ἐποίησε
780 1040 1027 1128 παραλογισμόν.
1070 1046 1209 1113 ποσάνὸ
1296 1095 1298 1099 .
1358 1080 1361 1086 ·

20 1213 21 1220 1
92 1171 125 1235 δὲ
142 1171 291 1254 βελτίστη
311 1162 529 1253 Ιάναγνιάρισις
556 1159 577 1249 ἦ
601 1166 634 1242 ε”ξ
667 1163 774 1228 ostreo
797 1164 862 1226 ταῖν
880 1159 1092 1244 πραγμάτων,
1122 1159 1180 1245 τῆς

20 1281 21 1284 “
92 1283 270 1369 ἐκπλήξεως,
279 1285 463 1368 γιγνομένης
490 1283 530 1346 δι’
557 1278 685 1347 εἰκότων
692 1328 702 1361 ,
724 1272 790 1345 οἷον
811 1274 830 1363 ἦ
860 1278 895 1341 ε’ν
918 1277 962 1365 rigi
983 1279 1182 1360 Σοφοκλέους

96 1403 238 1467 Oidt'node
268 1402 324 1465 καί
353 1402 390 1487 τῇ
416 1399 605 1487 Ἰφιγενείᾳ·
655 1392 741 1467 εἰκάς
767 1393 827 1478 γάρ
859 1386 1036 1498 βούλεσθαι
1058 1393 1181 1496 ἑπιθεῖ·

20 1573 21 1576 ,
61 1537 142 1584 ῑοισι
168 1512 355 1603 γράμματα.
404 1512 440 1581 αῖ
468 1513 556 1602 γάρ
561 1513 712 1579 τοιαῦται
738 1509 834 1594 μόναι
861 1503 938 1573 άνευ
966 1509 1028 1573 τάν
1048 1529 1180 1590 uanosq—
1250 1521 1252 1526 ’

20 1623 22 1672 ’
93 1638 191 1717 μένων
215 1636 355 1717 σημείων
386 1635 443 1699 καί
473 1612 692 1717 περιδεραάον.
746 1628 894 1734 δεύτεραι
915 1623 1005 1691 δὲ
970 1650 1005 1690 αι
1035 1627 1070 1688 ἐκ
1102 1629 1180 1688 συλ-

97 1750 265 1836 λογισμοῦ]

44 1873 86 1937 tt
172 1872 237 1932 Δεῖ
255 1867 291 1929 δὲ
311 1862 387 1941 τούς
400 1859 526 1946 μύθους
545 1861 731 1928 συνιστάναι
754 1861 808 1925 καί
827 1863 869 1947 τῇ
887 1861 969 1937 λέξει
980 1855 1180 1939 συναπεργά-

97 1983 202 2061 ζεσθοιι
219 1975 268 2046 ὅτι
292 1979 431 2063 μάλιστα
456 1978 518 2061 πρὸ
551 1976 705 2062 ὀμμάτων
730 1981 896 2060 τιθέμενον
928 1973 1026 2061 (οὕτω
1053 1973 1115 2058 γάρ
1137 1967 1178 2037 άν

66 2099 298 2180 15ἑοαργὲστατα
323 2093 418 2178 ὅρων,
441 2092 547 2179 οἵσπερ
568 2101 643 2181 παρ’
665 2095 776 2169 αάτοῖς
797 2089 976 2176 γιγνόμενος
993 2099 1058 2166 τοῖς
1078 2113 1181 2172 πρατ-

95 2213 253 2295 τομένοις,
276 2209 419 2297 εὑρίσκοι
445 2209 478 2277 τὸ
509 2216 643 2297 πρέπον,
666 2213 726 2276 κατ’.
740 2205 838 2297 ἥκιστ’
858 2204 901 2274 άν
925 2206 1116 2273 λανθάνοντα
1137 2205 1178 2270 τά

159 2462 182 2513 5.
203 2455 254 2533 τὸ]
283 2459 299 2516 d
324 2460 407 2512 Aldus
440 2469 468 2512 et
496 2461 581 2513 ceteri
614 2445 742 2513 editores.
769 2460 824 2513 vid.
848 2459 1039 2513 Commeut.
1146 2457 1179 2511 ’6.

158 2555 279 2630 ἐποίησε]
300 2556 534 2623 &retineremus
551 2556 672 2625 ποιῆσαι
684 2557 792 2609 deecit·
810 2563 838 2609 et
853 2557 1037 2626 Momueuet
1054 2554 1179 2624 GLPQ.

157 2651 182 2704 8.
207 2653 358 2718 ἐκπλήξεως
382 2652 484 2704 Aldus:
508 2653 617 2705 AchNa
644 2660 673 2705 et
689 2653 719 2704 Μ
743 2669 835 2705 omnes
863 2660 892 2705 et
909 2652 1026 2723 GLPQ
1050 2648 1181 2717 πλήξεως.

160 2748 199 2798 15.
219 2746 297 2821 ὁρῶν
315 2748 415 2800 Aldus:
433 2745 449 2804 ὅ
469 2746 670 2820 tommentis
688 2755 716 2800 et
733 2745 809 2801 Mra
829 2747 862 2801 16
879 2750 913 2802 21
935 2756 963 2801 et
980 2746 1110 2818 GLPQ.

100 2959 292 3045 collegerunt,
307 2958 923 3038 scilicaet„boeotiam-remmom:
937 2933 1181 3021 trienninm

99 3062 241 3141 expositae
261 3069 360 3123 erant
404 3071 452 3122 est
474 3082 551 3122 vero
573 3061 668 3122 etiarn
691 3059 843 3145 quaedam
860 3061 1033 3144 composita
1054 3083 1089 3123 ex
1108 3062 1182 3121 tinisa

99 3161 327 3223 ratiocinatione
348 3160 481 3237 theatri,
514 3169 550 3221 ut
577 3161 608 3222 iu
636 3160 727 3222 Ulixe
745 3162 893 3223 mendace
923 3162 1050 3223 nuntio:
1073 3184 1182 3223 arcum

99 3260 169 3322 enim
183 3263 284 3323 aiebat
304 3283 337 3324 se
350 3262 528 3344 agniturum
544 3282 606 3323 esse
618 3283 711 3344 quem
726 3283 790 3323 non
809 3261 944 3338 viderat²
962 3261 1039 3322 illud
1063 3272 1178 3335 autem,

101 3361 175 3441 quasi
193 3384 259 3443 per
283 3361 347 3422 hoe
375 3362 535 3445 agniturus
574 3370 669 3439 esset,
703 3363 749 3423 sio
782 3363 887 3423 falsam
916 3363 1071 3423 rationem
1100 3361 1179 3424 iniit

101 3462 226 3523 omnium
247 3472 352 3524 autem
381 3461 498 3542 optima
526 3462 642 3546 agnitio
672 3472 718 3524 est
746 3484 826 3547 quae
855 3462 891 3523 tit
920 3484 953 3522 ex
977 3461 1047 3544 ipsis
1068 3462 1177 3539 factis,

100 3569 215 3644 stupore
233 3585 292 3645 per
305 3564 482 3625 verisimilia
499 3563 642 3640 excitato,
664 3562 926 3648 quemadmodum
941 3562 992 3622 itta
1010 3562 1042 3622 iu
1053 3562 1179 3643 Sopho·

100 3660 145 3722 ciis
164 3664 285 3746 Oedipo
308 3672 403 3746 atque
431 3664 463 3724 in
485 3664 661 3745 iphigenia.
694 3686 767 3724 nam
788 3662 955 3725 verisimile
986 3671 1031 3724 est
1053 3664 1180 3724 tradere

99 3762 166 3823 velie
183 3764 308 3826 litteras
352 3764 427 3825 tales
450 3764 532 3823 enim
553 3763 679 3825 solae
656 3786 720 3825 sine
742 3763 820 3823 fictis
840 3762 932 3846 siguis
953 3770 986 3823 et
1005 3763 1179 3824 monilibus

100 3863 242 3941 proximae
263 3875 368 3925 eutem
388 3887 468 3947 qliae
490 3865 569 3924 finnt
590 3886 624 3925 er
646 3861 867 3945 conclusione}

174 3963 219 4025 17
263 3965 402 4045 Oportet
416 3975 518 4026 autem
533 3966 649 4025 fabulas
671 3985 863 4055 compprrere
877 3972 908 4024 et
921 3965 1064 4024 oratione
1087 3962 1177 4023 simul

102 4058 252 4126 elaborare
282 4086 349 4125 rem
378 4088 471 4148 quum
501 4067 631 4126 maxirn'o
661 4064 757 4125 oculis
789 4065 850 4124 suis
880 4064 1093 4124 subiicientem
1113 4041 1178 4141 (sic

103 4163 174 4222 enim
199 4165 422 4227 evidentissime
453 4166 634 4247 dispiciens,
669 4164 756 4248 quasi
788 4186 931 4245 praesens
954 4165 985 4223 iu
1006 4163 1077 4244 ipsis
1097 4186 1178 4245 quae

105 4270 232 4343 aguntur,
252 4265 390 4329 inveniet
411 4265 497 4351 qood
518 4265 636 4344 deceat,
658 4275 689 4328 et
704 4265 830 4326 minime
844 4263 985 4340 latebunt
1004 4263 1177 4325 contraria.
