2892 4917
316 287 691 355 remunereris.
713 292 764 355 ss.
786 289 921 374 §.s-r.
1116 301 1177 364 sn

91 474 202 540 lilium
222 473 358 538 tribuere
376 473 463 550 lieet,
487 473 569 557 quod
590 491 678 537 nemo
701 475 807 538 iecere
829 475 999 541 sustinebit
1041 495 1101 560 ego
1121 478 1181 543 hec

93 584 130 646 de
153 601 190 645 re
219 583 264 646 sie
284 582 397 661 sentio,
426 601 489 646 uon
508 597 616 646 verum
645 582 830 665 Sophoclem
858 584 935 648 haee
965 585 1102 661 dixisse,
1125 588 1181 650 sed

94 692 207 755 dixisse
228 690 413 774 Sophoclem
440 692 595 755 acumen
625 693 757 774 quodum
784 692 817 756 in
835 688 930 757 scena
948 712 1015 758 cum
1035 695 1181 778 Euripide
1285 749 1287 752 .

94 800 289 882 compositum
307 794 353 878 ⁶),
377 805 412 863 ιιι
434 794 585 864 iniimus
602 798 788 878 Aeschylum
810 809 842 864 et
862 802 1040 884 Euripidem
1059 822 1182 886 compo-
1285 780 1290 790 ⁶

96 910 156 973 suit
174 907 461 991 Al'isiuphunes.—-
503 904 747 988 Εὐριπίδης
768 906 813 970 δὲ
835 895 921 970 οἷοι
944 906 1048 974 eloi:
1069 930 1182 995 sequor

95 1017 221 1097 codices,
244 1035 308 1080 non
327 1017 532 1082 coniecturum
552 1018 589 1081 E.
603 1017 719 1081 lleinsii
740 1012 963 1098 (Εὐριπίδην),
984 1020 1121 1101 quemvis
1143 1039 1181 1084 es

92 1121 260 1208 prolubilis
289 1126 440 1190 rideemr.
492 1126 533 1190 ed
562 1142 672 1190 nomen
703 1122 881 1205 Εὐριπίδης
910 1124 945 1186 δὲ
968 1146 1009 1190 ex
1028 1128 1182 1214 prioribus

95 1234 273 1299 nolendum
293 1227 357 1318 ἔφη
388 1227 482 1307 αὐτὸς
508 1238 618 1295 ποιεῖν.
659 1234 800 1298 nimirum
823 1236 852 1298 si
872 1234 937 1298 ullo
959 1236 1023 1300 elio
1046 1237 1182 1299 testimo·

86 1339 142 1407 ‘nio
161 1350 318 1407 consteret
342 1341 527 1427 Sophoclem
558 1360 690 1428 uuquam
710 1344 770 1407 hoc
799 1343 837 1406 de
866 1363 900 1406 se
921 1351 1012 1428 atque
1035 1344 1182 1429 Euripide

95 1452 238 1516 iudlclunn
263 1453 447 1534 protulisse,
475 1454 579 1517 stetim
599 1452 718 1517 lleiusil
747 1452 952 1516 coniecturam
972 1471 1032 1536 ego
1052 1455 1182 1537 adeptu·

91 1577 174 1625 rem:
195 1565 230 1624 ut
248 1580 391 1625 nuncres
403 1568 459 1642 est,
476 1561 630 1644 scripture
642 1561 782 1625 codicum
800 1561 1040 1652 adquiescamus,
1052 1567 1083 1625 et
1100 1563 1182 1646 quod

91 1689 167 1734 unus
179 1669 277 1733 'testis
297 1669 394 1750 offert,
415 1669 449 1734 id
471 1670 623 1738 lllihutum
645 1670 842 1753 exploremus
864 1678 965 1755 utque,
985 1671 1039 1735 uhi
1057 1671 1182 1754 lougius

91 1778 240 1862 progredi
261 1794 324 1841 uon
343 1778 445 1859 detur,
463 1776 683 1862 probabiliter
705 1779 900 1861 explicemus.

172 1887 247 1969 Μ.
290 1884 329 1948 εἰ
346 1881 389 1948 dd
408 1883 670 1969 μηδετέρως,
690 1877 758 1948 ὅτι
778 1879 886 1948 οὕτω
908 1888 1056 1969 ‹paor'rz
1076 1888 1103 1953 si
1123 1907 1181 1952 ne-

91 2013 149 2082 que
172 2015 210 2062 eo
229 1997 389 2063 excusatio
407 1997 475 2060 lieri
487 2002 598 2079 potest,
620 2001 730 2061 contre
746 1995 905 2061 occidens
923 2004 1080 2080 peccstruu
1103 2014 1181 2075 esse,

2 2083 3 2150 Ῐ
87 2113 186 2192 neque
207 2105 325 2185 alteru,
350 2101 383 2168 id
418 2103 499 2188 quod
528 2109 671 2188 oporteat
690 2111 812 2186 poetam
832 2105 972 2188 lingere,
995 2105 1115 2169 dicutur
1136 2107 1181 2169 sic

87 2214 166 2277 terri
198 2201 468 2278 hominum'iamu
520 2212 625 2295 inepta
652 2213 831 2291 exornatio,
862 2232 941 2297 quoe
977 2212 1049 2297 quid
1075 2215 1182 2279 veleri

87 2326 222 2409 perbene
252 2325 407 2389 intellexit
436 2344 529 2389 verus
550 2324 734 2389 Aristoteles
755 2343 781 2388 c
810 2327 868 2405 24,
889 2330 939 2387 10.
972 2314 1055 2385 uiose
1072 2317 1109 2384 ri
1130 2322 1181 2385 λέ.

1 2461 2 2466 ¹
76 2452 153 2514 >yser
188 2424 237 2493 ὅτι
268 2425 405 2517 ἀνῄρητο
441 2422 483 2494 ἂν
508 2425 526 2493 d
559 2431 664 2509 μῦθος
692 2432 836 2513 γελοῖον,
867 2437 924 2497 cet.
952 2433 992 2520 ci)
1021 2451 1051 2494 e.
1077 2435 1127 2512 14,
1148 2434 1179 2497 5.

1 2587 2 2628 5
87 2547 179 2624 rus.
201 2547 291 2622 rec.

173 2648 259 2711 ἀλλ’
293 2641 444 2729 ἔτυχεν
465 2644 516 2720 ὥς
542 2642 654 2727 παρὰ
683 2642 943 2731 Ξενοφάνης
964 2648 1026 2714 sed
1047 2647 1180 2713 decide.

83 2764 163 2827 ruso
184 2764 220 2823 ιιι
235 2763 289 2824 est
309 2758 398 2842 opud
405 2755 647 2841 Xenophanen.
671 2757 749 2821 haec
777 2760 931 2840 pertinent
950 2755 990 2821 ad
1013 2758 1183 2840 Xenopho-

84 2870 135 2934 uis
157 2868 200 2930 de
217 2868 266 2931 dis
285 2868 469 2951 deorumque
483 2863 597 2930 naurs
625 2865 777 2945 iudicium,
800 2866 880 2949 quod
898 2867 1023 2929 ιιιιιΙιιιιιι
1043 2866 1181 2929 distabat

84 2997 106 3041 ιι
128 2978 242 3041 ceteris
264 2976 364 3059 poetis
392 2976 555 3059 vulgarem
582 2973 756 3055 opinionem
788 2982 819 3038 et
845 2975 967 3039 tenuas
985 2974 1180 3057 popularium

83 3087 296 3166 sectantibus,
322 3085 434 3169 purtim
465 3084 612 3165 inopere
643 3080 720 3160 περὶ
740 3075 874 3152 Φύσεως
892 3082 1005 3163 purtim
1024 3081 1057 3144 in
1079 3079 1181 3146 snus

83 3198 154 3261 sive
168 3191 293 3262 lenuis
304 3194 542 3276 pronuntiatum
565 3192 629 3255 vid.
644 3190 732 3255 Sext.
745 3192 916 3273 Empiricos
927 3190 999 3255 ude.
1022 3186 1178 3255 Mathone.

83 3306 153 3385 vn,
174 3307 216 3386 49
236 3307 268 3365 et
287 3303 342 3381 lx,
363 3306 435 3366 193.
457 3300 610 3364 sententio
630 3299 729 3382 igitur
755 3298 831 3362 haec
852 3304 918 3362 est:
939 3300 1074 3362 fortusse
1096 3298 1180 3362 mele
1205 3317 1207 3321 ·

86 3419 161 3478 sunt
180 3418 212 3475 et
231 3412 314 3476 false
343 3429 421 3494 quae
442 3410 481 3472 de
501 3409 549 3472 dis
569 3410 727 3488 feruutur,
749 3414 781 3470 et
801 3407 902 3488 potius
922 3405 969 3478 sic
988 3424 1023 3469 se
1042 3405 1179 3470 habuere

117 3772 151 3846 6)
172 3773 297 3826 Fortasse
323 3771 375 3824 hoc
392 3773 480 3841 ipsum
505 3787 538 3822 ex
556 3768 743 3839 Aristophanis
767 3770 859 3822 fabula
893 3769 1029 3842 quedam,
1058 3787 1083 3823 e.
1101 3787 1124 3822 c.
1143 3788 1176 3823 ex

185 3867 323 3938 Gerytade
343 3869 387 3920 vel
404 3868 466 3929 sliu,
487 3866 638 3936 proiectum
658 3874 708 3918 est.
744 3882 814 3936 quae
832 3868 861 3919 in
879 3868 968 3921 Runis
979 3864 1126 3934 Aeschylus
1140 3865 1175 3917 de

185 3982 233 4017 sua
250 3964 327 4034 poesi
352 3972 382 4014 et
398 3950 542 4032 Euripides
570 3962 604 4014 de
624 3979 672 4014 suu
699 3962 830 4029 gloriatur
855 3980 879 4013 v.
896 3961 1078 4025 sut-1073„
1104 3963 1175 4014 ulter

187 4058 301 4112 alterum
319 4058 444 4124 irridens,
464 4057 530 4110 haec
548 4075 581 4110 eo
594 4067 734 4110 recurrunt
744 4066 772 4109 ot
785 4057 932 4124 Aeschylus
945 4057 1018 4109 dicut
1035 4075 1064 4109 se
1081 4065 1175 4109 osten-

185 4154 256 4208 disse
285 4155 408 4210 homiues
433 4152 532 4229 quales
550 4166 760 4226 resceperunt,
782 4152 922 4225 Euripides
941 4160 1033 4207 centn
1051 4152 1126 4207 dicet
1145 4170 1175 4208 ee

184 4249 280 4304 iecisse
299 4253 397 4327 quoles
413 4252 480 4305 sine
