2892 4917
294 329 337 391 at
434 413 437 424 y
668 316 1015 383 ΑΡΙΣΤΟΤΕΛΟΤΣ

294 525 394 589 ματος
418 496 440 586 ἢ
461 495 522 564 ὅσα
544 497 606 583 πρδ
621 501 678 564 τοῦ
694 502 830 581 γέγονεν,
850 495 950 581 diorix
970 491 1092 563 οἷόντε
1114 490 1284 582 ἄνθρωπον
1304 501 1385 565 εἰδὲ.

293 645 366 700 ναι,
389 613 410 703 ἢ
432 612 493 681 ὅσα
512 607 703 699 turpant*
730 617 829 679 δεῖται
857 617 1114 699 προαγορεύσεοις
1141 619 1196 679 κατ’
1224 615 1383 699 α’γγελίας·

293 730 419 806 ἅπαντα
443 730 504 816 γὰρ
527 733 719 812 α’ποδιδομεν
748 738 814 806 τοῖς
835 734 922 806 θεοῖς
952 730 1042 816 ὁρᾶν.
1095 726 1208 814 ύλογον
1229 735 1266 798 δὲ
1285 737 1385 816 μηδὲν

292 844 373 914 εἶναι
393 852 427 914 ἐν
446 854 512 921 τοῖς
541 845 743 931 πράγμασιν,
764 849 796 911 εἰ
815 847 851 911 δὲ
870 849 927 930 μή,
948 843 1009 924 ἔξω
1037 849 1092 930 τῆς
1112 850 1302 936 τραγῳδίας,
1322 842 1385 914 οἷον

264 963 332 1036 8τοὶ
354 967 389 1030 ἐν
412 966 456 1052 τῷ
481 963 628 1028 Οἰδίποδι
647 963 692 1050 τῷ
712 964 920 1047 Σοφοκλέους.
962 960 1033 1028 ἐπεί
1051 965 1086 1027 δὲ
1107 966 1348 1049 μιζιιησίςύστιν
1366 965 1404 1049 ἦὸ

291 1079 453 1169 τραγῳδία
474 1075 658 1161 βελτιόνων,
678 1073 762 1161 ἡμᾶς
782 1079 837 1142 δεῖ
850 1083 1022 1158 μιμεῖσθαι
1042 1076 1118 1156 τούς
1139 1078 1284 1160 ἀγαθούς
1304 1083 1385 1146 elao-

143 1197 148 1210 '
226 1241 230 1249 ·
291 1197 487 1282 νογροίφους·
539 1193 594 1258 καί
611 1192 669 1278 γὰρ
690 1196 803 1258 ἐκεῖνοι
832 1187 1036 1270 ἀποδιδόντες
1056 1192 1114 1277 τήν
1134 1198 1223 1260 ἰδίαν
1242 1198 1383 1283 μορφήν,

290 1309 419 1395 ὁμοίους
439 1313 612 1387 ποιοῦντες,
635 1314 783 1387 καλλίους
804 1307 1004 1396 γράφουσιν·
1048 1305 1132 1410 caifas
1145 1315 1202 1376 καί
1220 1310 1278 1377 τὸν
1295 1336 1384 1396 noeq-

288 1426 346 1512 τήν
364 1431 560 1510 μιμούμενον
589 1428 645 1490 καί
679 1423 826 1509 ὀργίλους
853 1427 909 1490 καί
938 1421 1107 1512 ῥᾳθύμους
1137 1428 1195 1491 καί
1220 1421 1325 1493 τᾶλλα
1345 1427 1382 1494 τύ

289 1547 423 1609 τοιαῦτα
445 1540 578 1625 ἔχοντας
605 1545 660 1607 ἐπί
690 1545 754 1606 τιόν
779 1538 870 1626 ἡδύν
900 1538 1078 1630 [τοιούτους
1105 1536 1209 1630 ὄντας]
1238 1547 1418 1622 ε’πιεικεῖςιο

289 1667 392 1724 ποιεῖν
417 1656 632 1742 [παράδειγμα
646 1657 890 1743 σκληρότητος],
912 1652 981 1723 οἷον
995 1655 1050 1723 τδυ
1069 1657 1218 1741 Ἀχιλλέα
1236 1655 1386 1746 Ἁγάθων

261 1770 504 1860 9καίὍμηρος.
546 1776 649 1838 ταύτα
673 1771 712 1858 δὴ
735 1775 788 1836 δεῖ
805 1776 986 1858 διατηρεῖν,
1010 1778 1065 1840 κατ’
1087 1774 1169 1861 πρύς
1186 1775 1314 1856 τούτοις
1331 1781 1386 1857 τοὶς

290 1888 376 1975 παρὰ
400 1889 457 1966 τοὶς
480 1891 514 1969 ἐξ
535 1888 668 1974 ἀνάγκης
699 1888 940 1965 ἀκολουθούσας
964 1891 1130 1975 αἰσθήσεις
1157 1896 1197 1980 τῇ
1217 1900 1384 1983 ποιητικῇ·

291 2011 346 2072 καί
374 2006 438 2093 γύρ
456 2012 526 2072 κατ’
546 2005 647 2082 adroic
678 2004 765 2071 ἔστιν
788 2005 981 2092 ἁμαρτάνειν
1002 2007 1161 2084 πολλάκις.
1201 2008 1329 2096 εἴρηται
1352 2016 1387 2079 δὲ

291 2128 366 2211 περὶ
383 2125 492 2189 aaran
513 2127 547 2188 ἑν
565 2132 631 2201 τοῖς
652 2124 868 2206 δκδεδομίυοις
885 2120 989 2209 λύγοις
1011 2122 1134 2201 ἱκανῶς.
1397 2144 1421 2198 15

288 2331 291 2336 ’
362 2341 395 2393 10
418 2347 446 2393 et
473 2340 514 2392 11.
545 2339 849 2413 ἠθῶν-σκληρότητος]
874 2338 959 2390 Aldus
984 2347 1012 2390 et
1035 2339 1118 2390 ceteri
1142 2338 1260 2391 editores
1290 2337 1383 2407 ἧθῶγ,

359 2437 511 2498 ἐπιεικείας
527 2446 623 2512 ποιεῖν
648 2436 832 2510 παράδειγμα
850 2431 865 2501 ἦ
886 2433 1066 2506 σκληρότητος
1091 2433 1155 2499 δεῖ,
1179 2438 1291 2504 optimis
1319 2440 1385 2508 qai-

359 2532 465 2602 busque
483 2531 560 2584 libris
578 2532 783 2602 refragantibus.
804 2532 875 2583 conf.
897 2531 1093 2582 Commeat.
1191 2531 1232 2580 11.
1250 2531 1384 2603 Ἀγάθων

359 2643 429 2678 unns
456 2644 490 2678 ex
512 2628 628 2681 Victorii
655 2628 748 2678 libris:
773 2628 809 2678 Ao
833 2625 971 2698 α’γαθῶν,
997 2626 1071 2678 Bona
1088 2643 1148 2677 cum
1167 2626 1227 2677 aliis
1247 2637 1275 2678 et
1299 2630 1383 2681 Aldus

360 2717 482 2795 ἀγαθὸν.

291 2888 480 2994 quaeextra
510 2908 645 2970 fabulam
667 2917 760 2989 sunt,
782 2908 847 2969 sive
875 2930 956 2991 quae
987 2917 1059 2970 ante
1082 2890 1281 2987 acciderantj
1302 2934 1384 2995 quae

288 3012 385 3072 homo
414 3011 495 3071 seire
526 3031 589 3069 non
620 3018 744 3090 potest,
776 3009 839 3070 sive
872 3031 952 3091 qnae
975 3018 1105 3090 postea,
1141 3032 1220 3092 quae
1242 3013 1385 3094 indigent

289 3110 504 3194 praedictione
526 3116 557 3169 et
579 3108 790 3190 expositione:
813 3111 917 3169 omnia
940 3110 1022 3170 etaim
1045 3132 1175 3171 cernere
1196 3111 1241 3170 dis
1263 3113 1385 3174 tribui.

290 3233 366 3273 mus.
421 3207 506 3293 quod
528 3209 650 3269 ratione
684 3219 790 3269 careat
820 3210 896 3270 nihil
923 3210 1018 3269 inesse
1041 3211 1072 3269 in
1107 3205 1194 3272 factis
1216 3212 1317 3289 decet,
1337 3215 1383 3276 sin

290 3313 401 3389 minus,
415 3307 511 3371 'extra
529 3308 733 3391 tragoediam,
758 3319 794 3369 ut
814 3331 894 3392 qnae
914 3318 987 3368 sant
1008 3309 1045 3370 in'
1059 3310 1183 3394 Oedipo
1204 3312 1384 3393 Sophoclis.

290 3413 344 3474 scd
369 3411 519 3495 quostiam
548 3409 681 3470 imitatio
711 3417 757 3471 cst
780 3410 938 3491 tragoedia
960 3409 1144 3484 meliorum,
1177 3411 1295 3473 imitari
1327 3436 1385 3475 nos

292 3515 382 3576 decet
403 3515 501 3573 bonos
522 3512 676 3593 pictores:
700 3510 814 3571 etenim
835 3512 880 3569 illi
895 3511 1059 3592 propriam
1081 3513 1230 3595 cuiusque
1249 3516 1386 3595 speciem

292 3616 366 3675 dum
387 3615 549 3695 praebent,
571 3611 683 3673 similes
695 3612 881 3688 exhibentes,
902 3612 1044 3672 meliores
1057 3614 1210 3713 pingunt3
1232 3614 1276 3675 sie
1300 3637 1385 3697 qno.
1427 3613 1435 3632 “

292 3736 353 3795 que
373 3724 466 3794 pocta
490 3713 563 3772 dum
585 3712 727 3773 imitatur
758 3712 922 3772 iracundus
951 3722 983 3773 et
1003 3713 1116 3773 inertes
1151 3724 1183 3774 et
1204 3716 1259 3796 qni
1280 3727 1385 3775 cetera

290 3812 467 3873 huiusmodi
489 3815 520 3872 in
543 3814 684 3873 moribus
704 3811 820 3873 habeut
843 3812 908 3894 [eos
929 3812 983 3894 qul
1018 3813 1090 3874 tales
1110 3812 1195 3897 suut]
1220 3816 1317 3875 bonos
1339 3817 1385 3874 lia.

292 3935 364 3976 cere
386 3913 480 3974 debet
510 3912 679 3995 [exemplar
700 3911 908 3995 asperitatis]‚
935 3914 1014 3974 sieut
1035 3913 1185 3974 Achillem
1207 3913 1330 3995 Agatho
1353 3925 1387 3975 et

290 4016 452 4074 Homerus.
495 4012 572 4073 haec
594 4014 690 4095 igitur
710 4014 799 4074 decet
821 4014 1007 4091 observare,
1034 4024 1068 4075 et
1088 4015 1215 4095 insuper
1237 4037 1285 4076 eas
1309 4037 1387 4097 per.

291 4116 449 4196 captiones
472 4133 551 4195 <puae
576 4122 704 4194 praeter
738 4115 921 4174 necessarias
948 4115 1055 4196 poesin
1079 4117 1288 4176 comitantur:
1307 4127 1388 4176 'nam

252 4288 256 4294 ,
291 4215 322 4275 in
345 4214 392 4276 his
414 4235 541 4296 quoque
564 4215 687 4296 peccari
718 4236 810 4295 saepe
833 4216 920 4277 solet.
969 4216 1087 4279 dictam
1111 4228 1215 4279 {tutem
1236 4218 1275 4280 de
1297 4219 1332 4278 iis
1353 4221 1386 4280 in

291 4314 377 4377 libris
400 4313 488 4378 editis
513 4325 664 4399 quantam
687 4326 731 4377 cst
752 4316 833 4376 satis.
