2892 4917
1205 241 1211 266 t

419 303 536 372 narr
553 305 831 373 nomrmrm.
1045 390 1079 423 ρ,
1142 324 1166 393 τ

72 484 176 543 καλεῖν
194 475 358 543 είύθαοιν.
400 472 495 545 ούδὲν
509 483 546 546 δὲ
566 482 669 548 κοινόν
689 487 777 551 ἐστιν
792 485 999 576 ‘Ortonam'
1019 494 1165 575 Ἐμπεδο·

8 631 9 634 =
71 599 145 657 κλεῖ
170 593 247 681 πλην
280 593 315 659 τδ
337 597 469 679 μέτρον·
512 596 561 661 διὸ
591 597 645 663 τὸν
663 605 725 681 μὲν
743 601 874 686 ποιητὴν
896 606 1020 671 δίκαιον
1039 618 1164 693 καλεῖν,

69 708 126 774 τόν
146 713 178 774 δὲ
199 708 391 795 φυσιολόγοι
409 715 532 793 μᾶλλον
551 708 573 799 ἢ
596 715 738 800 σοιητην.
792 717 910 800 ὁμοίως
931 724 967 786 δὲ
988 719 1048 789 νύν
1068 725 1103 791 εἴ
1117 698 1194 820 regg}

70 821 191 891 ἅπαντα
206 824 246 890 τύ
268 829 372 910 μέτρα
385 828 527 911 μιγνύων
540 837 662 895 σοιοῖτο
676 830 733 916 τήν
752 837 896 919 μίμησιν,
917 839 1063 926 καθάπερ
1079 848 1164 907 Χαι-

46 941 177 1027 ὅρημοον
194 942 321 1028 έσοίηοε
344 947 530 1030 Κένταυρον
541 945 666 1032 μικτὴν
688 949 860 1038 ῥαψῳδίαν
881 956 916 1029 ἐξ
932 953 1080 1022 ἁπάντων
1101 964 1165 1023 τοῖν

66 1063 210 1144 μέτρον,
234 1063 290 1124 καί
306 1058 439 1145 ποιητην
470 1069 750 1149 προσαγορευτὲον.
794 1072 869 1152 περί
887 1073 947 1149 μὲν
968 1064 1024 1137 ούν
1043 1074 1163 1140 τούτων

68 1176 230 1259 διωρίσθω
255 1178 368 1241 τούτου
395 1177 452 1242 τὸν
476 1176 603 1263 τρόπον.
654 1183 719 1245 εἰσί
739 1184 775 1247 δέ
795 1207 879 1259 τινες
900 1185 939 1249 αἳ
958 1190 1038 1253 πᾶσι
1058 1194 1162 1273 χρῶν-
1177 1217 1212 1254 ιο

67 1317 121 1356 ται
140 1300 203 1366 τοῖς
219 1295 415 1376 εἰρημένοις,
448 1296 530 1376 λέγω
559 1281 595 1361 δέ
617 1291 683 1363 οἷον
702 1297 821 1389 ῥυθμῷ
847 1304 903 1366 καί
920 1304 1008 1383 μέλει
1031 1310 1086 1370 καί
1104 1312 1164 1389 με’-

67 1431 144 1496 τρην,
162 1405 271 1494 τύστττρ
292 1403 314 1493 ἥ
324 1433 358 1473 τε
378 1412 441 1474 τῶν
462 1414 706 1498 διθυραμβικούν
727 1417 852 1501 ποίησις
867 1422 922 1483 καί
939 1416 959 1504 ἦ
980 1424 1045 1487 ταῖν
1058 1422 1164 1504 νόμων

32 1524 122 1588 ronne*
142 1519 208 1607 ἥτε
232 1523 393 1614 τραγῳδία
424 1530 480 1591 καί
504 1528 524 1612 ἦ
545 1533 713 1618 κωμτμδια·
766 1535 959 1619 διαφέρουσι
981 1539 1035 1619 δέ,
1056 1534 1105 1602 ὅτι
1128 1538 1165 1605 αῖ

65 1644 125 1722 μὲν
146 1637 215 1724 ἅμα
233 1647 330 1706 πᾶσιν
351 1641 386 1707 αἱ
406 1647 443 1707 δέ
464 1644 544 1709 κατὰ
562 1644 667 1730 μέρος.
709 1648 828 1724 ταύτας
847 1655 908 1731 μὲν
928 1645 987 1718 ούν
1006 1657 1087 1737 λέγω
1106 1653 1164 1730 τύς

68 1758 230 1847 διαφοράς
247 1759 309 1824 τύίν
329 1762 456 1843 τεχνῶν,
478 1763 513 1826 έν
532 1755 579 1837 οἷς
606 1764 850 1855 ποιοῦνταιτὴν
869 1769 1014 1853 μίμησιν.
1087 1841 1090 1846 ,

35 1893 62 1955 2
153 1876 234 1941 ’Erret'
253 1879 300 1941 δὲ·
308 1878 479 1958 μιμοῦνται
501 1875 531 1942 οἱ
544 1880 735 1962 μιμούμενοι
758 1879 962 1966 πράττοντας,
983 1882 1102 1972 ἀνάγκη
1127 1889 1164 1951 δὲ

66 1992 201 2069 τούτους
221 1987 243 2077 ἢ
263 1994 457 2069 σπουδαίους
485 1975 670 2081 ἢφαύλούς
691 1992 774 2061 εἶναι
807 1996 861 2083 (τύ
882 1998 946 2083 γύρ
966 1992 1032 2085 ἤδη
1048 2000 1164 2084 σχεδὸν

30 2119 56 2172 15
65 2108 118 2172 αἐί
140 2109 267 2183 τούτοις
288 2111 463 2174 ἀκολουθεῖ
477 2108 601 2192 μόνοις·
643 2118 737 2199 κακίᾳ
758 2111 821 2198 γὰρ
842 2113 898 2179 καί
917 2114 1015 2202 ἀρετῇ
1035 2117 1075 2183 τύ
1096 2112 1162 2203 ἤδη

64 2226 256 2310 διαφέρουσι
276 2225 423 2311 πάντες),
454 2220 522 2312 ἦτοι
540 2226 702 2309 βελτίονας
722 2221 744 2312 ἢ
764 2234 839 2294 καθ’
860 2226 987 2315 ἦμᾶςῆ
1011 2236 1162 2315 χείρονας

133 2406 160 2459 6.
179 2408 237 2479 καὶ]
262 2407 313 2460 οὐκ
338 2404 389 2473 ἤδη
410 2412 459 2461 καὶ
481 2408 567 2460 Aldus
593 2425 653 2462 omn
678 2408 832 2463 editoribus
855 2412 995 2483 plerisque
1023 2416 1159 2467 omuibus.

137 2503 180 2556 12.
203 2496 248 2566 οἷς
262 2505 416 2558 Victorius:
443 2506 550 2558 codices
568 2499 623 2567 αἷς.

8 2699 9 2752 3
63 2680 218 2742 musicum
240 2703 299 2763 per
319 2690 419 2742 metra
442 2681 583 2760 efferant,
602 2682 646 2745 sic
663 2703 777 2746 vocare
800 2696 1040 2748 consueverunt.
1083 2687 1160 2749 nihil

64 2792 168 2842 autem
191 2803 358 2842 commune
380 2791 425 2844 est
441 2783 580 2844 Homero
603 2791 636 2844 et
654 2783 839 2865 Empedocli
860 2795 988 2865 praeter
1008 2795 1159 2861 metrum

8 2945 9 2968 η
64 2882 273 2963 quamobrem
300 2883 386 2942 illum
419 2885 533 2944 iustum
563 2891 608 2943 est
637 2892 765 2965 poetam
794 2906 927 2963 vocare,
948 2884 1032 2947 hunc
1053 2899 1160 2950 autern

8 3001 9 3004 ¹
61 2980 282 3064 physiologum
313 2982 418 3063 potius
453 3006 548 3066 quam
571 2994 708 3063 poetam.
756 2983 904 3054 ,similiter
924 3007 1001 3047 vero
1021 2987 1160 3050 etiamsi

62 3082 131 3163 quis
156 3081 261 3141 omnia
291 3090 392 3143 metra
419 3083 548 3145 miscens
568 3084 685 3144 faceret
716 3084 932 3160 imitationem,
956 3089 1160 3170 quemadmo-

61 3181 139 3240 dum
149 3181 322 3243 Chaeremo
338 3185 411 3243 fecit
422 3185 612 3248 Centaurum
629 3183 756 3245 mixtam
775 3184 973 3266 rhapsodiam
996 3210 1031 3248 ex
1056 3189 1159 3248 omni-

60 3283 118 3343 bus
142 3284 259 3359 metris,
278 3292 313 3367 et
335 3284 358 3345 is
379 3296 476 3366 poeta
493 3283 640 3346 dicendus
661 3286 732 3345 erit.
775 3294 870 3368 atque
892 3287 931 3347 de
953 3287 999 3348 his
1020 3287 1104 3349 hunc
1126 3289 1158 3349 iu

59 3382 192 3444 modum
205 3383 379 3465 expositum
395 3395 471 3445 esto.
486 3394 559 3446 sunt
568 3385 662 3445 etiam
675 3373 757 3446 artes
774 3407 853 3469 quae
868 3388 1159 3449 omnibus’utuntur

58 3484 94 3544 iis
120 3505 203 3564 quae
225 3483 416 3560 dictasunt,
448 3485 520 3546 dieo
541 3507 672 3546 numero
694 3495 726 3546 et
746 3494 901 3545 concentu
925 3495 957 3547 et
976 3498 1092 3564 metro,
1112 3487 1156 3547 si.

8 3617 9 3624 *
59 3592 115 3643 cut
137 3583 442 3667 dithyrambicorum
472 3584 572 3666 poesis
603 3593 635 3652 et
666 3577 834 3646 nomorum
862 3594 894 3647 et
915 3586 1078 3667 tragoedia
1098 3609 1157 3648 co..

8 3665 9 3704 i
58 3683 265 3767 moediaque:
299 3684 448 3747 differunt
468 3696 589 3762 eutem,
611 3685 697 3767 quod
717 3686 776 3747 bae
798 3687 889 3746 simul
912 3687 1064 3764 omnibus,
1087 3688 1156 3749 illae

58 3807 119 3865 per
145 3792 259 3866 partes.
308 3784 363 3845 has
394 3785 491 3869 igitur
523 3785 595 3848 dico
619 3786 808 3847 differentias
836 3787 963 3865 artium,
989 3787 1155 3872 inquibus

57 3887 180 3947 faciunt
201 3886 414 3947 imitationem.

143 3986 173 4046 9.
215 3986 373 4065 Quoniam
405 3993 508 4047 autem
535 3986 591 4069 qui
621 3986 783 4046 imitantur
816 3995 937 4068 agentes
968 3983 1153 4063 imitentur,

56 4109 111 4148 eos
142 4097 244 4148 autem
266 4108 387 4148 necesse
410 4097 532 4147 estant
555 4109 663 4169 graves
685 4108 748 4147 esse
762 4098 817 4148 aut
836 4087 912 4147 vites
936 4094 1048 4159 (mores
1068 4084 1153 4145 enim

58 4189 157 4248 ferme
179 4187 256 4247 haec
273 4196 448 4269 sequuntur
469 4187 549 4246 sota:
573 4186 712 4268 nequitia
730 4186 814 4247 enim
835 4196 866 4246 et
889 4187 1006 4246 virtuto
1027 4185 1058 4245 in
1080 4207 1152 4244 mo.

8 4293 10 4376 t
52 4289 145 4352 ,ribus
172 4287 321 4349 differunt
344 4290 472 4366 omnes),
504 4295 559 4347 aut
588 4286 731 4347 meliores
762 4307 855 4368 quam
883 4286 942 4366 ipsi
973 4307 1075 4347 sumus
1097 4295 1151 4346 aut
