2892 4917
365 284 407 344 ln
427 281 630 345 Pubrlcnlc
654 282 742 346 CAP.
764 289 816 345 eo.
839 281 868 361 §-
891 287 983 344 1—3.
1157 291 1220 351 291

910 389 927 428 e

101 509 107 520 ,
177 456 381 543 ,τοιαύτη
404 462 445 525 δὲ
468 459 574 536 δόξα
596 458 799 540 καὶπερὶ
828 452 1222 547 flcodtipovvrirzqui

130 571 180 634 bic
201 578 397 650 memoratur,
417 572 513 633 fuisse
533 589 601 633 eum
610 570 791 634 histrionem
812 570 964 651 tragicum
987 570 1082 644 nimia
1102 572 1222 636 actione

7 711 8 724 κ
128 678 280 759 insignem
302 679 398 740 rerba
417 679 486 758 ipsa
506 678 655 759 produnt:
688 696 800 739 nomen
829 683 930 739 autem
950 695 971 738 a
992 667 1131 740 librariis
1152 698 1221 741 cor·

7 787 9 852 l
128 792 249 865 ruptum
272 786 404 848 videtur.
424 787 561 847 fortasse
582 786 642 846 fuit
662 779 736 860 περὶ
761 780 941 861 Θεοδώρου,
964 784 1019 845 sed
1041 785 1112 846 vide
1133 803 1223 865 quem
1321 803 1326 810 ’

7 879 8 962 ἶ
130 893 235 972 putide
250 892 385 973 diligens
403 894 435 954 in
450 911 486 954 re
507 911 582 954 sane
595 891 712 953 minuta
724 892 818 952 luerit
838 898 870 951 et
891 910 980 971 qnam
1000 890 1222 955 sinistre‘baec

7 991 9 1016 ξ
129 1000 225 1061 rerba
248 999 401 1079 prioribus
421 999 583 1061 addiderit.
628 997 784 1059 'l'beodori
809 1002 991 1062 mentionem
1012 997 1222 1060 iacitPlutar-

130 1106 206 1167 cbus
223 1107 293 1167 loco
314 1114 387 1168 ante
406 1101 594 1186 transcripto
616 1112 648 1166 et
670 1106 702 1167 in
731 1102 906 1186 Praecepit.
927 1104 1060 1186 qenend.
1084 1103 1241 1186 reipubl<

7 1277 9 1288 ,
131 1233 161 1293 p.
182 1213 284 1275 sior
305 1214 371 1293 (lv.
386 1215 410 1277 1.
423 1215 520 1292 274),
543 1212 728 1275 Aristoteles
750 1209 1221 1287 inliberor.111,asub‘init.
1274 1255 1277 1262 -

130 1351 170 1364 -
213 1312 268 1388 ὥς
296 1318 341 1378 bt
370 1299 490 1379 οὗτοι
522 1313 673 1396 ἔχουσι
707 1312 812 1396 πρὸς
835 1307 1007 1389 colione:
1035 1305 1120 1376 οὗτοι
1142 1318 1223 1380 desi·

93 1481 95 1485 ,
130 1426 412 1507 guatCallippiden
435 1433 467 1488 et
489 1445 594 1489 omnes
615 1427 647 1488 in
668 1426 791 1508 agendo
811 1425 930 1514 nimios,
952 1421 1069 1497 αὐτούς
1090 1427 1224 1507 pertinet

131 1534 170 1596 ud
193 1553 246 1595 eos
267 1534 318 1614 qui
338 1535 455 1595 modice
479 1535 623 1614 agebant,
647 1540 682 1595 nt
703 1533 860 1608 lllyniscus
880 1532 1024 1595 faciebat.
1244 1529 1248 1534 ’

129 1618 143 1626 “
214 1631 1223 1721 ἦὅλητέχνηπρὸςτὴνἐποποιίανἔχειςἧὸλη

132 1747 225 1824 τέχνη
244 1748 347 1827 poesis
370 1746 491 1827 tragica
513 1748 709 1826 appellatur,
745 1766 812 1808 cnm
841 1747 981 1826 proxime
1006 1753 1078 1808 ante
1108 1748 1223 1828 singuli
1252 1813 1259 1819 ,

131 1853 252 1933 quidam
271 1854 386 1934 tragici
405 1854 568 1916 histriones
584 1854 753 1916 enumerati
767 1860 879 1915 essent.
900 1887 940 1897 —-
966 1850 1092 1911 οὐδὲν
1114 1851 1135 1911 d
1140 1852 1179 1913 ἑο
1190 1875 1223 1913 ν-

130 1980 196 2018 ται
217 1959 294 2018 τῶν
315 1980 390 2047 opp
402 1954 560 2036 μάτωνε
589 1962 677 2042 quasi
701 1961 892 2040 praeteriens
921 1979 1045 2021 causam
1066 1969 1224 2039 memorat,

131 2085 220 2147 quam
238 2069 375 2127 lautores
406 2069 571 2148 epopoeiae
595 2069 627 2130 in
658 2087 734 2129 suae
766 2068 936 2128 sententiae
962 2066 1223 2130 subsidium-alle-

132 2180 226 2236 rant:
244 2169 361 2253 fiyuris
385 2173 466 2237 nibil
486 2180 588 2255 cycni.
640 2175 773 2236 editores
795 2175 876 2235 Aldu
906 2180 1032 2235 auctore
1052 2175 1161 2255 legunt
1183 2173 1225 2231 δι’

130 2272 262 2339 lodoin
298 2280 422 2340 δέονται
454 2280 516 2341 τῶν
547 2276 738 2359 σχημάτων,
773 2283 825 2377 uel
850 2276 898 2338 διὸ
928 2288 985 2352 eet.
1006 2282 1056 2341 vel
1082 2277 1114 2338 οἲ
1132 2276 1224 2338 οὐδὲν

130 2394 209 2465 cet,
241 2388 296 2449 sed
314 2406 414 2469 neque
443 2385 476 2449 οἳ
508 2406 605 2471 neque
637 2383 687 2448 διὸ
708 2390 742 2453 in
772 2391 836 2452 ullo
866 2388 970 2451 codice
1000 2388 1099 2450 adbuc
1118 2406 1229 2469 repen.

128 2502 192 2558 turn
212 2502 269 2556 est.

212 2601 292 2681 Μ.
338 2602 605 2680 πρῶτονμὲν
629 2601 680 2661 oo'
707 2601 781 2681 τῆς
805 2602 1123 2682 carpetaneam..
1158 2608 1224 2666 tra.

131 2708 243 2790 gnedia
271 2708 410 2789 speciose
431 2709 530 2772 adbuc
557 2717 702 2772 accusatu
725 2710 785 2773 iam
810 2711 856 2773 ita
880 2711 1073 2788 defenditur,
1102 2718 1137 2772 ut
1159 2711 1225 2791 pri·

129 2834 210 2878 mum
231 2815 272 2877 ab
297 2816 362 2877 illis
384 2816 611 2877 accusatoribus
627 2819 693 2878 'non
713 2816 865 2896 poeticam
885 2818 938 2877 sed
963 2817 1144 2878 histrionum
1172 2836 1225 2879 ar·

130 2928 190 2984 tem
217 2923 291 3003 peti,
315 2922 423 2983 deinde
445 2941 508 2982 nou
530 2940 747 3003 quemcumque
763 2923 901 2984 imitandi
920 2924 1039 2983 modum
1061 2923 1224 3002 repudian-

131 3031 201 3101 dum
230 3049 297 3092 esse
332 3030 487 3092 doceatur.
522 3065 562 3075 -
613 3026 708 3089 incl
738 3024 827 3089 ἔστι
858 3027 1225 3105 περιεργάζεσθαι
1284 3109 1288 3116 ³

130 3140 221 3205 τοῖς
245 3136 437 3213 σημείοις
460 3131 531 3193 καὶ
559 3128 870 3222 (ictptpccloriucfaltx
889 3136 1077 3215 iniquam
1098 3146 1263 3228 itm
1295 3190 1359 3210 w„

7 3273 8 3284 κ
130 3242 200 3303 diae
223 3242 376 3325 accusatio
399 3244 504 3303 eodem
526 3242 592 3297 iure
612 3236 729 3297 intendi
755 3228 871 3315 potesl‘
882 3234 914 3297 in
937 3236 1134 3314 epopoeiarn:
1153 3256 1224 3298 nam

70 3359 74 3366 ‘
130 3347 273 3409 carminis
293 3345 372 3424 epici
395 3344 543 3406 recitator
559 3335 589 3422 (ὁ
611 3338 778 3424 ῥαψῳδός)
803 3343 911 3421 etipse
932 3343 1054 3402 niodum
1075 3343 1224 3403 excedere

131 3460 232 3534 potest
254 3452 346 3513 nimia
366 3471 507 3512 manuum
528 3451 725 3530 corporisque
746 3449 921 3511 iactatione.
950 3449 1122 3528 rhapsodus
1144 3443 1223 3525 σχή-

130 3580 210 3635 μασι
244 3560 372 3635 (Tenz
391 3597 405 3609 -
425 3554 624 3638 Figurcn)
662 3557 783 3637 quidem
801 3575 863 3616 non
884 3557 996 3630 utitur,
1017 3557 1071 3616 secl
1093 3556 1223 3617 motibus

131 3665 366 3748 simplicioribus
388 3665 585 3745 gestibusque
614 3660 786 3740 (σημείας)
815 3682 877 3723 non
906 3664 1003 3724 miurus
1032 3664 1139 3752 egredi
1159 3682 1224 3724 rno-

133 3774 204 3835 dum
224 3778 334 3853 potest.
356 3806 396 3818 -
441 3762 539 3849 ὅπερ
562 3765 698 3829 ἐποίει
723 3768 1015 3844 Σωσίστρατος
1039 3771 1103 3827 κτλ.
1152 3788 1224 3848 pro-

134 3881 234 3960 prium
253 3885 301 3940 est
321 3879 410 3940 buius
431 3877 592 3957 scriptoris
619 3875 750 3938 laudare
775 3884 915 3938 auctores
935 3877 1097 3937 admodum
1115 3876 1224 3937 obscu-

132 4002 195 4047 ros.
237 3986 276 4045 de
298 3984 468 4047 Sosistrato
504 3983 580 4045 nibil
602 3982 726 4044 aliunde
749 3983 936 4060 accepimus,
958 3999 1055 4061 neque
1076 3982 1114 4041 de
1134 3982 1224 4042 lllrra-

134 4092 233 4153 sitbeo
254 4092 406 4171 Opuntlo:
434 4091 521 4152 illum
550 4095 694 4169 poemata
724 4088 810 4168 epica
832 4089 928 4149 nimio
949 4107 1014 4149 cum
1036 4094 1124 4165 gestu
1144 4089 1225 4149 reci·
1296 4108 1298 4111 ⁴

137 4204 233 4276 usse,
252 4197 333 4261 bunc
347 4198 446 4275 lyrica
460 4197 640 4261 decantasse
661 4195 694 4257 in
707 4195 924 4258 certaminibus
941 4194 1063 4257 musicis
1085 4194 1124 4257 ob
1146 4194 1225 4257 huuc
