2892 4917
276 345 300 402 6
640 332 991 410 ΛΡΙΣΓΟΤΕΛΟΤΣ

277 513 529 592 ἀτιμαζομένους
562 514 598 575 ἐκ
629 513 687 574 τοῦ
718 501 854 587 ἄστεως·
905 507 962 573 καὶ
996 506 1033 573 τὸ
1064 516 1167 574 ποιεῖν
1192 504 1289 575 cv'tos'
1320 517 1383 591 μὲν

247 627 370 711 ήδρᾶν,
398 627 588 712 Ἀθηναίους
610 629 645 690 δὲ
667 626 817 712 πράττειν
837 627 1104 711 προσαγορεύειν]
1146 629 1222 711 περὶ
1241 634 1301 708 μὲν
1325 621 1387 702 οὖν

275 747 340 808 τῶν
361 744 540 829 διαφορῶν,
563 746 618 809 καί
634 739 730 808 πόσαι
764 747 820 810 καί
841 745 922 819 σι’νες
950 745 1005 827 τῆς
1028 741 1217 828 μιμήσεως,
1236 744 1382 829 εἰρήσθω

278 860 393 924 ταῦτα.

361 973 497 1039 Ἐοίκασι
518 977 553 1038 δὲ
571 978 719 1059 γεννῆσαι
747 978 807 1057 μὲν
827 969 908 1051 ὅλως
930 976 987 1061 τὴν
1006 974 1171 1060 ποιητικὴν
1192 977 1295 1041 αἰτίαι
1320 976 1415 1051 sirion}

162 1129 164 1134 ·
251 1091 379 1169 Ἇτινές,
401 1092 457 1153 καί
482 1083 580 1156 αὗται
604 1090 752 1177 φυσικαί.
806 1087 900 1155 τότε
932 1090 994 1175 γὰρ
1015 1095 1187 1173 μιμεῖσθαι
1208 1092 1381 1179 σύμφυτον

278 1216 342 1281 τοῖς
363 1197 548 1288 ἀνθρώποις
575 1207 610 1270 ἐκ
639 1209 763 1271 παίδων
783 1205 851 1272 ἐστι’
883 1209 953 1290 (καί
972 1203 1073 1295 τούτῳ
1100 1209 1294 1292 διαφέρουσι
1314 1210 1381 1273 τοῖν

280 1314 386 1386 ἄλλων
408 1318 495 1408 ζῴων
516 1308 564 1379 ὅτι
583 1313 840 1398 μιμητικιόιατόν
855 1315 923 1379 ἐστι
944 1314 1000 1377 καί
1019 1315 1077 1390 τὰς
1097 1316 1258 1399 μαθήσεις
1277 1324 1382 1381 ποιεῖ·

278 1431 405 1501 παιδιὰ
427 1428 591 1516 μιμήσεως
608 1426 665 1504 τὰς
685 1424 830 1515 πρώτας)
854 1431 911 1493 καί
925 1426 960 1493 τὸ
981 1430 1109 1512 χαίρειν
1129 1439 1194 1506 τοῖς
1213 1433 1381 1517 μιμήμασι

252 1549 408 1628 ὅαὰντας.
432 1556 561 1633 σημεῖον
577 1548 612 1611 δὲ
625 1546 738 1610 τούτου
754 1544 787 1610 τὸ
801 1551 976 1628 συμβαῖνον
987 1544 1116 1612 ἐπὶτῶν
1138 1544 1250 1631 ἔργων·
1273 1545 1296 1613 ἃ
1314 1547 1377 1636 γὰρ
1393 1575 1420 1610 ιο

280 1666 364 1732 circi
386 1665 535 1749 λυπηρῶς
554 1661 688 1746 ὄρῶμεν,
709 1659 828 1728 τούτων
841 1659 896 1739 τὰς
918 1660 1039 1738 εἰκόνας
1052 1660 1110 1737 τὰς
1129 1659 1267 1743 μάλιστα
1286 1665 1379 1748 ἠκρι-

279 1785 424 1864 βωμένας
452 1778 607 1864 χαίρομεν
635 1780 851 1861 θεωροῦντες,
883 1773 951 1845 οἷον
970 1777 1092 1862 θηρίων
1110 1801 1145 1841 τε
1162 1773 1295 1863 μορφάς
1313 1784 1380 1844 τοῖν

253 1897 479 1980 4ιίτιμοτάτιινν
501 1898 557 1962 καί
572 1899 702 1981 νεκρῶν.
747 1891 847 1959 αἴτιον
859 1897 896 1958 δὲ
915 1896 971 1960 καί
989 1890 1111 1977 τούτου,
1135 1890 1184 1960 ὅτι
1201 1890 1380 1976 μανθάνειν

281 2014 320 2077 οὗ
332 2010 429 2095 μόνον
443 2020 509 2090 τοῖς
525 2009 715 2106 φιλοσοφοις
730 2005 865 2095 ἥδιστον,
878 2010 960 2075 attat
973 2013 1029 2075 καί
1042 2020 1107 2087 τοῖς
1121 2004 1230 2086 ἄλλοις
1244 2009 1377 2090 ὁμοίως·

254 2131 349 2197 mur
371 2131 426 2195 ἐπὶ
442 2128 551 2215 βραχι)
571 2130 776 2194 κοινωνοῦσιν
798 2129 914 2193 αυτοῦ.
958 2126 1011 2193 διὰ
1030 2125 1092 2212 μοὶρ
1112 2131 1203 2194 τοῦτο
1221 2132 1417 2213 χαίρουσιιὸ

280 2244 336 2320 τὰς
356 2245 479 2321 εἰκόνας
509 2242 665 2330 δρῶντες,
692 2237 743 2308 ὅτι
774 2245 944 2325 συμβαίνει
967 2244 1171 2322 θεωροῦντας
1201 2245 1381 2326 μανθάνειν

280 2363 336 2428 καί
356 2364 604 2447 συλλογίζεσθαι
630 2360 669 2426 τί
683 2365 833 2444 ἕκαστον,
866 2355 932 2429 οἷον
950 2355 1002 2424 ὅτι
1033 2351 1126 2437 οὗτος
1154 2363 1282 2443 ἐκεῖνος,
1308 2364 1382 2429 ἐπεὶ

281 2627 368 2712 quod
392 2649 452 2711 per
471 2622 580 2704 κώμας
601 2635 791 2709 vagarentur
811 2625 849 2686 ab
871 2619 998 2687 urbanis
1013 2627 1201 2709 contempti;
1225 2623 1257 2689 et
1277 2633 1383 2690 ποιεῖν

279 2731 362 2811 ipsos
399 2728 558 2810 appellare
592 2727 695 2805 δρᾶν,
727 2726 925 2788 Athenienses
957 2736 1061 2789 autem
1090 2728 1262 2807 πράττειν]
1317 2729 1382 2789 iam

281 2830 320 2889 dc
343 2829 541 2907 differentiis,
563 2840 642 2913 quot
663 2839 695 2891 et
722 2850 803 2913 quae
836 2827 868 2887 iu
898 2827 1048 2890 imitando
1077 2828 1154 2904 sint,
1185 2827 1261 2889 haec
1295 2828 1381 2890 dicta

282 2937 386 2989 sunto.

363 3020 395 3087 4.
440 3027 589 3089 Genuissc
611 3036 717 3087 autem
745 3026 895 3088 videntur
923 3027 1052 3089 omnino
1083 3027 1240 3109 poeticam
1269 3049 1381 3091 causae

281 3128 360 3188 duae
382 3126 553 3209 quaedam,
586 3119 704 3210 eaeque
736 3131 900 3188 naturales.
943 3150 1015 3187 uam
1045 3135 1077 3189 ct
1099 3128 1215 3188 imitari
1236 3128 1382 3190 innatum

281 3240 327 3290 est
348 3228 528 3289 hominibus
549 3251 567 3288 a
588 3228 693 3309 pueris
715 3221 829 3310 (eoque
851 3229 1000 3289 differunt
1020 3230 1163 3289 accteris
1185 3229 1381 3307 animalibus,

281 3329 369 3412 quod
397 3327 459 3389 hoc
483 3328 523 3389 ad
553 3329 737 3389 imitandum
759 3329 950 3410 aptissimum
977 3340 1022 3390 est
1041 3330 1222 3411 primasque
1243 3330 1381 3392 discendi

282 3432 346 3491 vias
368 3430 516 3491 imitando
532 3429 739 3512 ingreditur),
759 3440 792 3491 et
815 3440 850 3491 ut
865 3429 1064 3491 imitamentis
1087 3430 1243 3512 gaudeant
1263 3453 1382 3493 omues.

283 3531 374 3592 huius
396 3532 441 3591 rei
470 3531 592 3612 signum
626 3538 671 3591 est
700 3530 841 3612 quadiu
874 3530 1023 3613 operibus
1049 3531 1172 3591 evenit:
1195 3552 1276 3612 quac
1296 3531 1382 3591 euim

283 3632 347 3712 ipsa
376 3654 469 3712 aegre
502 3632 672 3709 cernimus,
701 3630 816 3691 horum
846 3631 993 3714 imagines
1026 3630 1256 3691 accuratissime
1283 3631 1381 3692 saetas
1412 3623 1416 3634 ¹

284 3733 419 3793 libenter
451 3741 642 3814 spectamus,
671 3732 768 3793 veluti
796 3732 968 3794 bestiarum
997 3733 1113 3793 formas
1138 3730 1277 3815 quamvis
1298 3753 1379 3793 con.

284 3830 556 3913 temptissimarum
574 3840 606 3895 et
620 3832 820 3894 cadaverum.
863 3854 955 3893 causa
976 3841 1079 3893 autem
1094 3833 1184 3894 huius
1205 3831 1299 3914 ipsius'
1317 3834 1379 3912 rei,

285 3931 372 4013 quod
394 3931 510 3993 discere
532 3952 596 3993 non
618 3929 931 4015 solum‘philosophis
957 3933 1209 3994 iucundissimum
1230 3932 1285 3993 scd
1306 3932 1383 3994 item

285 4033 417 4109 ceteris,
440 4033 495 4090 uisi
518 4031 604 4114 quod
626 4034 723 4094 breve
737 4034 802 4094 eius
826 4035 1047 4095 commercium
1068 4021 1263 4094 continuant.
1310 4055 1384 4094 nam

286 4131 326 4190 ab
346 4131 408 4191 hoc
430 4143 502 4191 cum
525 4132 638 4214 gaudio
661 4134 806 4216 imagines
822 4132 936 4212 vidant,
960 4134 1047 4218 quod
1069 4132 1224 4216 corstingit
1246 4141 1281 4192 ut
1302 4154 1383 4193 con.

286 4231 469 4312 templautes
492 4232 610 4294 discant
644 4244 676 4295 et
701 4235 931 4296 ratiocinantur
959 4234 1035 4316 quid
1055 4233 1305 4316 unumquodque
1325 4233 1382 4307 sit,
1429 4269 1434 4279 .

287 4331 382 4395 veluti
413 4334 499 4420 quod
520 4332 572 4397 hic
594 4334 667 4416 ille,
696 4334 849 4422 siquidem
879 4336 935 4398 nisi
958 4336 1045 4422 prius
1071 4335 1202 4413 viderit,
1223 4355 1286 4398 uou
1309 4333 1384 4398 imi.
