2892 4917
229 274 293 338 1oe
616 261 941 330 commestus

315 447 457 526 ἔξοδος
479 448 521 512 δὲ
545 449 669 529 μέρος
700 438 795 508 dior
824 443 1069 531 τραγῳδίας
1100 433 1230 520 pca’d
1256 437 1336 504 ocios

232 557 320 623 ἔστι
355 557 489 642 χοροῦ
518 558 672 635 paidos:
702 543 1196 650 conradus-scripsissetdtoo
1224 550 1335 629 χοροῦ

230 672 336 750 μέλος.
378 671 411 733 in
431 670 499 750 ipsa
520 667 600 732 enim
620 668 721 731 exodo
742 666 857 748 singuli
884 664 1051 732 choraulae
1070 663 1103 726 in
1122 655 1261 738 κόμμοις
1281 660 1333 722 iu-

231 780 350 843 terdum
371 777 558 860 respondent
579 776 706 842 canticis
728 775 768 838 ah
787 761 987 838 histrioiiihus
1008 792 1050 836 ex
1072 789 1166 834 scena
1186 769 1279 848 hosis,
1302 772 1336 829 ct

230 888 351 952 adnoto
383 885 573 967 singulorum
602 885 818 948 choreotarum
848 881 987 944 carmina
1015 878 1176 944 decantari
1198 882 1230 938 ct
1251 894 1334 950 ana-

233 996 336 1079 paesti
357 993 524 1075 coryphaei
549 992 677 1056 recitari
697 996 835 1071 possunt.
887 996 1020 1052 cctcruuu
1040 989 1092 1050 vel
1123 986 1169 1050 sic
1190 982 1333 1050 delinitio

231 1100 454 1167 accommodari
476 1100 583 1182 nequit
602 1100 642 1163 ad
657 1116 761 1164 omnes
776 1096 972 1178 tragoedias,
994 1097 1022 1159 si
1041 1095 1161 1177 quidem
1180 1091 1334 1168 Aeschyli

234 1208 415 1293 Supplices
436 1208 531 1270 totius
554 1207 641 1270 chori
662 1206 782 1271 cantico
802 1204 1040 1280 occluduntur,
1068 1209 1099 1264 et
1130 1198 1337 1266 idomceaides

157 1360 162 1370 ·
233 1320 266 1383 in
286 1319 347 1382 hnc
366 1316 440 1380 nori
468 1316 554 1380 chori
576 1316 711 1382 cumino
732 1315 900 1380 instructae
928 1319 1008 1376 suut
1052 1312 1185 1392 scriptor
1208 1326 1334 1385 anony-

231 1446 299 1490 nus
321 1424 417 1508 (apud
439 1424 606 1488 nostorum
640 1444 671 1504 p.
704 1421 792 1500 x1V)
821 1421 996 1486 comoediae
1021 1420 1151 1484 exodun
1179 1423 1333 1482 anostro

230 1534 351 1600 tohnico
373 1533 532 1596 dantem
552 1533 598 1598 sic
619 1532 776 1596 delinivit:
799 1521 906 1603 ἔξοδος
927 1521 961 1590 ci
984 1526 1038 1592 ἐπὶ
1057 1528 1137 1589 τέλει
1162 1521 1335 1605 λεγόμενον

231 1639 289 1701 τοῦ
305 1639 417 1721 χοροῦ.
460 1637 694 1706 hudocoosentit
712 1636 883 1706 scholiasta
895 1635 1112 1717 Aristophanis
1128 1633 1168 1697 ad
1197 1628 1332 1716 Vespos

231 1766 263 1812 v.
284 1752 372 1826 270„
394 1748 506 1809 Pollux
527 1746 580 1824 lv,
600 1749 689 1828 lits„
709 1743 879 1822 Hesychius
901 1763 926 1806 s.
949 1763 979 1806 u.
1010 1737 1129 1818 ἐξόδιοι
1150 1736 1251 1817 νόμοι.
1272 1741 1332 1804 λιιι-

231 1854 330 1936 perite
351 1857 486 1920 Taetues
515 1856 537 1916 l.
559 1873 585 1917 c.
619 1872 701 1917 vers.
722 1856 774 1917 24.
794 1847 813 1931 ἡ
835 1851 862 1912 δ’
897 1844 1005 1924 ἔξοδος
1026 1869 1075 1921 τις
1098 1841 1251 1927 τυγχάνει
1272 1867 1331 1927 χο-

233 1959 293 2042 ροῦ
314 1950 414 2040 λόγος,
434 1960 507 2037 μεθ’
527 1952 564 2020 dv
583 1965 693 2040 χοροῖς
714 1959 773 2042 oo'a
792 1952 860 2020 ἔστι
882 1982 912 2022 τι
934 1956 1035 2038 λέγειν
1056 1957 1160 2035 μέλος.

252 2133 254 2138 ,
316 2061 496 2147 πάροδος
522 2067 598 2146 μὲν
630 2061 649 2146 ἦ
682 2065 820 2148 πρώτη
848 2065 953 2142 λέξις
989 2057 1090 2127 ὅλον
1119 2064 1279 2146 χοροῦε
1303 2064 1338 2128 si

233 2195 344 2242 nomeu
377 2169 519 2255 παρόδου
543 2175 749 2258 (Einaug)
771 2176 906 2258 premis,
940 2193 1020 2258 quac
1041 2175 1153 2237 chorus
1173 2173 1258 2237 canit
1278 2172 1331 2236 vel

236 2283 427 2365 coryphaeus
450 2284 572 2365 recitat,
592 2285 662 2348 duco
682 2285 846 2347 ohoreutae
860 2285 892 2346 in
914 2283 1104 2356 orchestram
1124 2284 1192 2347 siue
1213 2302 1234 2346 a
1253 2283 1333 2346 dex·
1426 2301 1427 2308 ¹

234 2398 286 2456 tra
303 2393 370 2456 sive
400 2412 421 2455 a
450 2392 577 2456 sinistra
599 2398 687 2474 parte
711 2412 767 2475 per
788 2393 911 2473 apsides
934 2392 1167 2475 ingrediuntur,
1189 2411 1228 2454 ea
1250 2409 1332 2453 voce
1426 2365 1427 2432 i

234 2500 466 2580 consignantur.
509 2500 540 2561 id
560 2502 627 2562 fere
647 2503 788 2563 lecerunt
809 2500 1011 2581 grammatici,
1032 2506 1065 2566 ut
1085 2498 1256 2562 scholiasta
1265 2499 1329 2560 Eu-

233 2607 342 2687 ripidis
378 2607 418 2671 ad
449 2604 621 2672 Phoeniss.
651 2628 681 2670 v.
703 2612 778 2670 210-
796 2607 902 2688 (202):
932 2603 1072 2685 πάροδος
1095 2604 1130 2667 de'
1152 2597 1351 2690 s‘ortr.pid‘›}·

232 2714 334 2791 χοροῦ
351 2713 537 2791 βαδίζοντος
568 2711 706 2800 p'd'opes'rp
735 2706 803 2793 ἅμα
825 2716 861 2798 τῇ
883 2710 1005 2801 εἰσόδῳ.
1060 2718 1131 2780 item
1159 2716 1330 2779 scholiasta

234 2821 453 2902 Aristophanis
474 2825 514 2886 ad
539 2820 668 2907 Vespus
690 2832 834 2901 v.‚270.‚
866 2826 918 2908 qui
943 2827 1109 2907 coryphaei
1139 2823 1329 2888 exliortatio-

236 2949 304 2996 nem
324 2932 405 2994 inter
426 2932 511 2996 chori
531 2934 564 2996 ln
586 2935 775 2998 orchestram
795 2936 958 3004 adventurn
980 2933 1167 3015 (aso-247)
1188 2933 1329 2996 enuntia-

237 3046 300 3101 tam
322 3035 461 3116 πάροδον
494 3042 672 3124 appellavit.
728 3044 807 3104 alios
838 3033 1106 3125 gnarnmaticorum
1134 3043 1173 3103 de
1202 3040 1330 3124 paredo

238 3144 324 3205 locos
346 3144 492 3206 collectos
513 3147 618 3208 attulit
638 3145 676 3208 G.
698 3144 733 3209 C.
757 3148 805 3210 W.
818 3148 1034 3214 ⁴Schneidorus
1055 3149 1095 3214 de
1122 3146 1173 3216 Re
1193 3152 1331 3213 scenico
1426 3163 1427 3226 ζ

237 3247 482 3318 Atheniensium
497 3273 570 3335 pag.
582 3257 646 3316 205
655 3273 721 3336 sep,
743 3256 851 3337 quihus
872 3256 933 3318 iarn
956 3258 1113 3340 alderadus
1134 3262 1181 3320 est
1200 3259 1224 3322 1.
1245 3260 1330 3322 Tse·

238 3368 309 3425 taae
344 3362 478 3426 definitio
510 3363 542 3424 in
576 3359 734 3427 Versibus
765 3363 806 3428 de
833 3367 966 3446 tropico
986 3368 1082 3447 poesi
1112 3385 1141 3428 v.
1162 3368 1289 3434 35-112
1310 3385 1331 3428 o

237 3470 381 3533 lltthnero
402 3471 555 3551 evulgatis
576 3472 607 3534 io
624 3468 854 3535 MuseoRhea.
877 3471 1074 3555 philolopieo
1097 3479 1119 3536 t.
1134 3474 1185 3537 lV.
1209 3492 1241 3554 p.
1255 3473 1328 3537 clos

110 3591 111 3594 ’
237 3578 382 3640 eiusmodi
414 3597 489 3640 vero
510 3581 643 3660 parodus
675 3581 779 3642 multis
809 3581 978 3661 tragoediis
1012 3582 1133 3644 omrdno
1152 3582 1248 3660 deest,
1268 3581 1328 3645 So·
1426 3619 1427 3676 3

236 3687 368 3768 phocliis
390 3686 508 3766 quidem
530 3688 677 3764 ominibus,
697 3697 827 3770 excepta
840 3688 943 3766 Aiace,
966 3689 1062 3750 deest.
1083 3688 1143 3750 hoc
1162 3708 1230 3754 cum
1249 3689 1328 3752 alios

236 3802 300 3857 tun
321 3773 665 3859 Pseudo-Aristotelem
682 3797 809 3874 ¹ridetur
830 3797 994 3878 hupidisse,
1015 3804 1049 3859 ut
1062 3799 1156 3862 aliam
1178 3799 1329 3862 desuitto-
1426 3775 1427 3828 λ

209 3918 211 3921 ’
236 3923 305 3966 nem
327 3904 437 3984 paradi
456 3904 678 3985 excogitarent.
699 3924 772 3967 nam
794 3905 843 3967 hic
860 3912 966 3968 nostor
984 3906 1105 3972 nonnisi
1120 3909 1222 3974 tutius
1242 3906 1330 3969 chori

237 4013 365 4092 primuni
389 4030 512 4078 carmen
534 4007 677 4091 (πρώτην
697 4010 780 4086 λέξιν
810 4013 868 4075 iste
890 4013 983 4092 dixit)
1007 4014 1128 4084 nomine
1149 4015 1261 4095 parodi
1282 4015 1329 4076 in-

235 4119 337 4200 telligi
360 4120 466 4198 voluit,
490 4120 654 4201 eodemque
676 4121 835 4184 intellectu
855 4122 983 4184 candela
997 4141 1101 4184 vocem
1122 4141 1143 4184 a
1164 4122 1328 4186 Plutarcho

238 4232 393 4309 acceptam
419 4227 513 4291 fuisse
542 4232 628 4309 patet
656 4247 696 4292 cx
726 4228 809 4292 iltius
830 4229 1013 4311 quaestione
1042 4248 1086 4297 ua
1109 4228 1188 4308 *sent
1206 4232 1253 4295 sit
1271 4249 1327 4313 pe-
