2892 4917
238 309 281 370 12

435 341 437 346 ·
469 353 496 424 A,
611 305 960 374 ΑΡΙΣΤΟΤΕΛΟΤΣ

321 485 411 569 Περί
435 486 495 566 μὲν
516 477 574 551 σάν
606 484 660 571 τῆς
686 488 721 552 δν
751 481 932 572 ἑξαμέτροις
971 488 1144 572 μιμητικῆς
1173 486 1230 553 καί
1258 487 1368 575 περίθ

238 601 405 688 τωμῳδιας
416 597 549 685 ὕστερον
563 604 708 687 ἐροῦμεν,
729 605 804 686 περί
824 604 859 668 δὲ
882 604 1060 692 τραγῳδίαις
1081 606 1229 686 λέγωμεν,
1251 604 1332 669 άπο-
1439 605 1440 614 ’

237 716 387 799 λαβόντες
416 716 518 801 αὐτῆς
545 719 580 780 ἐκ
607 718 670 782 τῶν
704 719 876 801 εἰρημένων
902 716 955 782 τὸν
984 716 1148 801 γινόμενον
1179 715 1256 806 ὅρον
1277 723 1332 807 τῆς

210 833 360 911 οοδσίας.
401 831 491 899 ἔστιν
510 824 566 900 οδν
578 837 740 923 τραγῳδία
762 834 895 920 μίμησις
914 831 1056 919 πράξεως
1078 842 1257 915 σπουδαίας
1277 843 1333 905 καί

236 954 378 1032 τελείοις,
409 951 544 1035 μέγεθος
573 952 728 1037 ε’χοάσης,
758 951 924 1041 ἡδυσμένην
945 950 1047 1043 λόγῳ,
1077 953 1179 1041 χωρίς
1197 952 1353 1023 ἑκάστοοὸ

236 1070 300 1133 τῶν
319 1069 413 1133 εἰδῶν
433 1069 468 1132 ἒν
486 1075 553 1144 τοῖς
572 1071 719 1153 μορίοις,
748 1068 898 1155 δρώντων
927 1067 982 1134 καί
1000 1074 1042 1134 ου’
1058 1073 1099 1135 δι’
1121 1075 1331 1158 ἀπαγγελίας,

238 1186 281 1250 δι’
302 1185 392 1252 didon
413 1186 469 1250 καί
486 1182 591 1272 φόβου
604 1189 798 1273 περαίνονσα
811 1186 871 1272 τήν
883 1191 947 1253 τῶν
969 1184 1121 1255 τοιούτων
1135 1188 1333 1274 παθημάτων

210 1300 407 1386 tantumno.
427 1304 506 1386 λε’γω
524 1304 561 1367 δὲ
574 1300 753 1386 ἦδοσμὲνον
766 1305 826 1383 μὲν
836 1298 928 1388 λόγον
942 1300 1000 1368 τάν
1012 1301 1126 1387 ἔχοντα
1141 1303 1267 1391 ῥυθμὸν
1279 1309 1335 1372 καί

239 1411 397 1503 ἁρμονίαν
418 1415 474 1482 καί
491 1420 607 1499 μέλος,
628 1415 664 1481 τά
687 1420 723 1482 δὲ
742 1418 845 1501 χωρίς
867 1426 933 1495 τοῖς
955 1417 1052 1485 εἴδεσι
1073 1417 1108 1485 τδ
1132 1417 1185 1484 διά
1205 1424 1333 1505 μέτρων

210 1528 308 1617 dimo
329 1530 426 1615 μόνω
444 1536 652 1617 περαίνεσθαι
667 1531 722 1598 καί
741 1534 837 1599 πάλιν
856 1536 949 1621 ἕτερα
964 1534 1019 1600 διά
1040 1538 1164 1619 μέλους.
1206 1536 1279 1602 ἐπεί
1297 1540 1372 1604 diro

238 1647 426 1733 πράττοντες
456 1653 618 1717 ποιοῦνται
649 1650 706 1736 τὴν
723 1654 877 1738 μίμησιν,
910 1655 1037 1736 πρῶτον
1064 1658 1123 1735 μὲν
1141 1655 1175 1731 ἐξ
1195 1653 1333 1741 α’νάγκης

190 1773 206 1828 ’,
237 1758 280 1829 άν
299 1762 348 1848 εἴη
368 1789 400 1829 τι
421 1764 535 1850 μόριον
558 1768 735 1855 τραγῳδίας
754 1765 771 1831 d
791 1770 847 1851 τῆς
869 1761 976 1850 ὅψεως
994 1768 1125 1852 κόσμος,
1147 1764 1218 1836 εἶτα
1236 1776 1334 1852 μελο.

237 1877 329 1944 τισιία
348 1884 405 1945 ναί
420 1884 514 1958 λίξις·
539 1883 572 1945 ἐν
592 1881 712 1957 τούτοις
730 1878 792 1968 γάρ
811 1884 977 1948 ποιοῦνται
996 1880 1056 1967 την
1074 1886 1222 1968 μίμησιν.
1251 1888 1334 1969 λέγω

239 1997 277 2062 δὲ
297 1998 380 2075 λάξιν
401 1998 462 2077 μὲν
482 1993 585 2079 αὐτὴν
605 1994 664 2080 τήν
683 1998 745 2059 τεάν
763 1996 887 2081 μέτρων
906 1992 1067 2079 σύνθεσιν,
1089 2003 1277 2081 μελοποιίαν
1296 2004 1335 2066 δὲ

214 2108 261 2176 Sd
273 2108 333 2196 τὴν
346 2109 483 2193 δύναμιν
499 2109 642 2196 φανεράν
657 2108 725 2192 ἔχει
739 2115 854 2177 πάσαν.
867 2115 938 2177 ἐπεί
949 2114 986 2178 δὲ
1000 2112 1144 2195 πράξεως
1155 2118 1223 2180 ε’στι
1235 2118 1335 2201 μίμη-
1348 2135 1379 2188 ι5

239 2252 301 2310 σις,
324 2226 497 2314 πράττεται
521 2230 557 2292 δὲ
577 2225 753 2293 ὑπόπτων
773 2230 991 2313 πραττόντων,
1012 2228 1068 2308 οδς
1083 2231 1202 2316 άνάγκη
1223 2229 1336 2308 ποιοάς

238 2370 327 2423 τινας
347 2341 429 2412 εἶναι
449 2341 529 2411 κατά
552 2370 585 2411 τε
602 2342 638 2411 τὸ
660 2340 740 2432 ἦθος
760 2344 815 2410 καί
838 2345 896 2429 την
915 2344 1060 2411 διάνοιαν
1083 2345 1151 2433 (διά
1173 2346 1233 2432 γάρ
1257 2348 1335 2412 roi.

310 2491 336 2544 7.
354 2490 532 2564 μαθημάτων
550 2491 659 2542 A0B⁰N⁸
676 2498 703 2542 et
721 2490 751 2541 M
767 2507 860 2542 omues
883 2498 911 2542 et
935 2489 988 2542 GL
999 2490 1051 2561 PQ
1073 2490 1211 2543 ataldus.

325 2602 355 2664 6.
397 2606 506 2687 ltaque
541 2603 580 2664 de
599 2604 772 2664 imitatione
794 2624 852 2684 per
873 2603 1067 2664 hexametros
1089 2614 1121 2664 et
1144 2604 1183 2665 de
1204 2624 1335 2666 comoe-

241 2705 293 2768 dia
317 2712 389 2788 post
410 2703 602 2781 disseremus,
631 2703 670 2765 de
698 2704 862 2785 tragoedia
887 2714 990 2765 autem
1013 2703 1158 2780 dieamus,
1184 2704 1336 2788 colligen.

240 2814 287 2868 tes
311 2806 376 2866 eius
400 2827 436 2867 ex
456 2811 528 2866 ante
549 2802 638 2866 dictis
660 2804 885 2866 consectariam
899 2801 1115 2866 vdefinitionem
1136 2805 1263 2886 ingenii.
1289 2816 1337 2867 est

240 2905 340 2988 igitur
358 2905 521 2988 tragoedia
542 2904 675 2965 imitatio
697 2904 826 2965 actionis
849 2906 949 2986 gravis
970 2913 1002 2966 et
1023 2904 1189 2980 absolutae,
1213 2904 1336 2988 magni.

240 3007 384 3069 tudinem
405 3005 555 3081 habentis,
577 3004 707 3066 condito
730 3026 883 3081 sermone,
905 3005 987 3066 haud
1010 3005 1184 3065 coniunctis
1206 3006 1336 3087 quilius·

242 3128 305 3188 que
324 3106 432 3166 formis
459 3105 490 3163 in
513 3106 667 3186 partibus,
690 3105 849 3186 agentium
872 3127 930 3166 nec
950 3126 1008 3186 per
1029 3107 1252 3183 narrationem,
1274 3106 1337 3165 mi.

242 3205 397 3266 seratione
428 3226 464 3264 ac
487 3214 572 3265 metu
593 3204 756 3285 perficiens
785 3204 893 3265 talium
919 3204 1193 3286 perturbationum
1216 3226 1337 3286 purga.

243 3307 371 3369 tionem.
416 3304 486 3365 dico
516 3314 618 3364 autem
640 3304 804 3365 conditum
826 3325 1001 3366 sermonem
1023 3303 1078 3385 qui
1100 3326 1265 3365 numerum
1280 3302 1337 3363 ha-

242 3409 298 3469 bet
318 3417 350 3468 et
370 3404 615 3467 modulationem
636 3414 843 3487 cantumque,
866 3405 942 3467 illud
964 3412 1068 3466 autem
1089 3415 1266 3485 separatum
1286 3426 1338 3466 se-

243 3506 382 3569 cundnm
410 3509 525 3568 formas
555 3504 641 3588 quod
670 3506 819 3566 nonnulla
847 3505 919 3566 solis
949 3505 1057 3566 metris
1079 3505 1285 3565 absolvuntur
1306 3514 1338 3566 et

243 3607 304 3667 alia
336 3628 441 3668 rursus
471 3626 530 3687 per
551 3613 685 3669 cantum.
736 3604 789 3666 sed
818 3604 967 3688 quoniam
991 3612 1112 3687 agentes
1134 3604 1338 3664 imitationem

242 3706 383 3782 fuciunt,
414 3707 552 3787 primum
581 3705 754 3767 necessario
783 3707 845 3767 erit
872 3703 1025 3788 quaedam
1053 3727 1126 3786 pars
1155 3705 1338 3787 tragoediae

244 3814 373 3867 ornatus
393 3805 581 3886 spectaculi,
601 3806 713 3869 deinde
734 3805 901 3867 modorum
924 3806 1079 3867 confectio
1103 3813 1135 3867 et
1155 3804 1268 3866 dictio:
1290 3806 1337 3866 his

244 3906 327 3968 enim
347 3905 466 3964 faciunt
488 3906 701 3967 imitationem.
745 3908 815 3967 dico
837 3916 941 3967 autem
961 3905 1131 3968 dictionem
1154 3905 1250 3987 ipsam
1273 3928 1341 3966 me.

245 4015 372 4082 tropum
393 4006 668 4088 compositionem3
691 4008 861 4067 modorum
882 4007 1110 4069 confectionem
1132 4007 1218 4066 cuius
1240 4008 1339 4068 omnis

245 4107 291 4168 vis
314 4108 345 4168 in
367 4117 478 4189 aperto
502 4115 555 4171 est.
599 4107 652 4168 sed
675 4109 824 4189 quoniam
848 4107 976 4168 actionis
998 4115 1043 4169 est
1066 4107 1210 4181 imitatio,
1234 4101 1339 4187 agitur

246 4216 350 4269 autem
375 4230 393 4268 a
417 4205 603 4290 quibusdam
622 4210 794 4289 agentibus,
817 4228 896 4290 quos
918 4207 1073 4292 qualitatis
1097 4206 1256 4267 cuiusdam
1274 4228 1339 4269 esse

248 4315 379 4392 oportet
406 4329 468 4392 pro
491 4307 604 4368 morali
635 4306 745 4370 habitu
764 4318 795 4369 et
816 4309 908 4370 animi
930 4306 1178 4384 sententiatum
1200 4307 1241 4367 ob
1262 4304 1340 4370 haec
