2892 4917
348 263 396 328 ur
416 217 620 332 eernere
641 261 849 345 enetos.
863 269 954 328 1-2.
1131 268 1197 332 res

95 447 144 510 cis
164 444 291 510 msam
309 451 410 511 artem
431 446 584 529 tragicam
611 446 832 527 irminhart),
861 445 913 529 qui
933 442 1116 510 micetius
1133 464 1199 509 mu.

98 555 154 639 gis
175 571 268 636 quam
297 552 545 636 spectatoribus
576 555 762 634 scribebant,
796 555 906 637 quinne
929 554 1108 635 tragoedias
1128 554 1200 616 ede.

98 664 180 732 lane
208 668 266 726 aut
293 662 389 725 nullis
419 669 474 728 aut
491 662 598 744 paucis
628 661 716 728 chori
744 662 930 726 carminibus
962 661 1133 725 distinctas.
1155 695 1196 742 ··.
1328 652 1332 662 '

98 762 256 834 λοιπὸν
291 767 335 829 δὲ
364 766 463 849 περὶ
491 769 642 845 λέξεως
669 761 907 849 ditaretur
936 766 1093 832 sinsin:
1114 775 1200 849 post-
1289 823 1292 824 γ

100 897 195 962 quam
226 878 264 942 de
285 886 430 961 quanuor
459 879 524 943 illis
557 881 697 961 partibus
730 880 843 942 dictum
862 885 931 957 est,
956 879 1025 952 iam
1039 869 1139 940 restat
1161 877 1224 939 de·

96 980 223 1069 διανοίᾳ
244 985 295 1047 rel
313 985 395 1059 teter
416 985 584 1066 disputare,
603 992 639 1048 ut
661 985 699 1047 de
719 985 857 1050 omnibus
877 1001 943 1047 ses
963 983 1104 1065 partibus
1125 988 1198 1046 ante

103 1092 280 1157 comtiurtis
302 1095 339 1170 (o.
361 1100 391 1172 6,
415 1097 486 1168 4-7)
520 1093 686 1175 explicatio
706 1094 898 1156 absolvatur.
941 1092 1014 1155 vide
1033 1091 1107 1162 milri
1128 1090 1200 1154 Ari-

103 1201 249 1263 stotelem
270 1200 368 1281 ipsum
389 1200 591 1282 pronuntiare
623 1218 657 1262 se
678 1218 718 1263 ex
739 1200 803 1262 illis
819 1217 876 1262 sex
894 1197 1078 1281 tragoediae
1098 1198 1199 1279 parti5

105 1308 165 1373 ns
195 1305 302 1372 adhuc
331 1315 475 1389 quattuor
514 1309 719 1391 dispostione
749 1310 923 1392 amplexum
956 1326 1024 1372 esse
1036 1355 1046 1386 ,
1084 1307 1201 1370 auarus

105 1416 273 1480 etiamnum
294 1412 418 1502 relicuis
451 1414 619 1497 dequibus
639 1415 769 1480 dicatur.
825 1416 898 1480 inde
920 1417 981 1479 iam
1001 1434 1083 1478 novo
1106 1415 1200 1498 docu-

101 1530 206 1592 mento
226 1530 364 1608 apparet,
386 1530 418 1586 et
438 1523 495 1587 illa
516 1544 595 1606 quae
613 1524 653 1588 de
667 1526 775 1588 alteris
799 1518 878 1583 nari
901 1517 935 1584 τὸ
958 1518 1055 1598 noodr
1076 1503 1201 1607 tragoess

103 1633 176 1695 diae
196 1631 336 1713 partibus
358 1651 385 1695 c
407 1637 458 1694 12
480 1633 584 1713 posita
602 1638 682 1711 suut,
704 1639 736 1693 et
758 1651 837 1715 quae
856 1632 895 1694 de
916 1639 1061 1716 quattuor
1079 1628 1201 1713 fonnis

102 1740 335 1824 tragoediarum
367 1760 393 1805 c
416 1745 467 1822 18,
486 1746 589 1816 M,
624 1759 763 1823 quaeque
793 1742 832 1803 de
862 1740 1043 1822 tragoediae
1065 1736 1149 1798 tion
1169 1743 1201 1798 et

14 1865 16 1912 ι
103 1843 196 1908 λύσει
217 1867 245 1911 c.
263 1853 314 1928 18,
328 1854 356 1911 1.
381 1853 560 1925 serranum,
584 1867 664 1930 quae
684 1848 787 1910 omnia
808 1848 872 1911 suis
893 1846 972 1910 loeis
992 1845 1141 1928 maribus
1162 1846 1201 1907 de

14 2003 15 2014 ,
102 1955 205 2017 causis
225 1973 282 2037 pro
306 1953 513 2035 supposititiis
534 1955 702 2032 declaravi,
725 1953 803 2016 haec
820 1955 943 2036 irrquam
968 1955 1008 2016 ab
1031 1953 1200 2026 Aristotele

103 2080 165 2125 non
188 2061 305 2143 scripta
328 2080 406 2125 esse.
428 2092 469 2108 -
482 2056 557 2138 περὶ
573 2059 683 2132 λέξεως
709 2050 730 2140 ἢ
753 2058 897 2130 διανοίας
915 2059 1032 2139 scribit,
1054 2079 1121 2122 mur
1140 2061 1195 2123 ab·

102 2169 214 2232 solutis
245 2176 389 2252 quattuor
417 2168 557 2249 partibus
577 2168 638 2231 iarn
665 2185 705 2231 ex
729 2167 846 2230 duabus
873 2168 996 2230 relicuis
1017 2168 1201 2232 alterutram

13 2253 14 2320 Ῑ
102 2275 320 2356 explicandam
350 2273 468 2356 eligere
488 2272 595 2355 possit.
647 2271 753 2364 statim
782 2279 887 2335 monet
915 2291 994 2355 quae
1016 2273 1055 2336 de
1075 2273 1201 2359 «lionoris

103 2381 235 2447 dicenda
252 2384 325 2461 sint,
348 2400 385 2446 ea
405 2382 438 2445 in
458 2377 649 2447 Rhetoricis
671 2380 771 2461 aptius
801 2380 952 2462 explicari
972 2401 1074 2463 posse.

185 2487 227 2552 ἐν
247 2494 334 2560 τοῖς
357 2485 453 2568 περὶ
473 2481 716 2572 inrepserit:
743 2507 924 2571 quamquam
946 2509 1025 2573 quae
1043 2491 1085 2552 de
1104 2488 1199 2554 arrimi

104 2598 204 2660 sensis
226 2597 356 2666 dicenda
385 2607 459 2661 suut
490 2598 522 2661 in
540 2593 792 2662 Rhetoricorurn
820 2598 918 2661 tribus
950 2599 1039 2661 lilrris
1060 2617 1197 2679 compre

12 2699 13 2748 ἷ
103 2706 269 2770 densorum
291 2706 389 2786 primo
419 2712 451 2767 et
479 2705 612 2769 secundo
633 2705 713 2767 lilrro
731 2704 884 2787 legimus,
918 2706 991 2769 inde
1012 2714 1113 2770 tarum
1134 2723 1198 2782 nou
1292 2703 1294 2706 ’

103 2814 299 2896 musequitur
313 2811 483 2880 Poeticern
503 2822 574 2897 post
586 2821 684 2878 artem
705 2814 793 2878 illam
811 2815 997 2879 rhetoricam
1019 2836 1040 2880 a
1060 2816 1198 2898 philoso-

104 2923 163 3004 pho
185 2921 327 2985 emissam
347 2942 433 2988 esse:
460 2925 551 2989 immo
573 2924 605 2988 in
623 2918 816 2988 Rhetoricis
843 2927 954 3005 quater
982 2903 1196 3006 provocatad

12 3075 13 3080 η
105 3025 275 3093 Poeticarn
299 3029 362 3092 iam
383 3030 506 3096 editam.
527 3031 598 3113 lege
618 3032 670 3110 111,
693 3036 759 3093 let
779 3035 809 3093 2.
832 3049 885 3094 ars
909 3030 1030 3095 dicendi
1048 3050 1115 3093 cum
1129 3030 1198 3112 pln-

102 3137 186 3202 rilrus
213 3156 252 3202 ac
273 3138 404 3202 diversis
436 3139 525 3203 lilrrls
548 3141 588 3203 alr
612 3140 780 3204 Aristotele
806 3145 942 3204 trauan
960 3147 992 3202 et
1011 3139 1129 3204 norim
1148 3139 1199 3217 sit,

104 3245 161 3310 lroc
182 3247 253 3310 loeo
272 3247 405 3312 lectores
424 3269 486 3313 non
508 3250 549 3313 ad
570 3254 634 3311 tres
653 3249 726 3312 illos
746 3230 1001 3312 Rhetoricorum
1022 3248 1118 3310 libros
1141 3246 1197 3308 sed

104 3353 142 3416 ad
165 3354 247 3417 alios
269 3354 354 3435 prius
369 3354 534 3435 evulgatos
556 3354 752 3436 ablegantur.
796 3353 836 3415 de
856 3354 1000 3435 operibus
1021 3351 1199 3414 Aristotelis

103 3461 266 3526 rhetoricis
295 3462 464 3543 disputavit
484 3462 575 3525 Titne
608 3460 648 3530 de
670 3454 865 3536 Aristotelis
897 3477 1030 3542 operum
1048 3462 1138 3522 serie
1163 3465 1199 3523 et

105 3570 314 3636 distinctione
333 3572 490 3651 p.3dsqq.
513 3603 553 3614 ·-
597 3561 690 3629 ἔστι
718 3568 760 3628 δὲ
781 3561 880 3629 κατὰ
902 3562 974 3648 τήν
999 3561 1199 3627 διάνοιαν

105 3680 255 3752 ταῦτα,
286 3671 366 3738 ὅσα
389 3669 465 3736 ind
488 3676 560 3737 τοῦ
586 3672 712 3755 λόγου
738 3675 808 3737 δεῖ
833 3674 1199 3757 παρασκευασθῆ-

107 3806 191 3852 rar:
210 3790 378 3870 pertinent
398 3786 443 3850 ud
463 3790 657 3852 sententium
677 3785 777 3866 iaec,
807 3803 1026 3870 qaaecumque
1050 3788 1200 3848 oratione

107 3899 222 3979 parari
251 3892 389 3973 debent,
419 3896 450 3959 h.
473 3913 500 3960 e.
530 3903 608 3977 quae
640 3913 791 3977 personae
824 3895 856 3958 in
887 3913 1011 3958 scenam
1031 3894 1199 3975 productae

106 4004 238 4067 mutiunt
257 4002 421 4084 verbisque
442 4003 650 4085 pronmrtiaut.
703 4002 785 4084 quod
804 4001 910 4065 statim
929 4002 1068 4084 sequitur
1085 3993 1119 4062 ri
1142 3992 1199 4059 λό-

106 4127 160 4192 ra,
179 4119 227 4175 est
247 4111 404 4176 alstautia
421 4112 489 4174 sive
509 4110 549 4175 alr
564 4110 753 4175 adversariis
772 4110 857 4175 dicta
876 4108 1070 4174 dissolvere.

187 4218 217 4302 §.
240 4226 271 4286 2.
314 4217 383 4282 nat
401 4211 465 4282 ἔτι
484 4217 662 4300 μέγεθος
683 4213 756 4281 καί
778 4215 1042 4302 μικρότητας
1062 4236 1143 4284 nove
1160 4236 1199 4282 ac
