2892 4917
260 306 324 368 10⁸
646 300 972 370 commonentis

340 484 374 568 §-
393 490 435 554 8.·
466 478 558 549 ἔστι
586 484 628 548 δὲ
649 481 721 549 καί
739 479 985 560 codron-dv
1007 486 1098 557 τοῖς
1122 482 1362 565 Νιίιτρσις,

256 587 479 673 βιλιίσσςε
508 595 587 660 hacc
615 614 679 660 non
699 595 815 662 mnam
843 596 1026 684 scuoentiam
1046 594 1212 676 continent,
1233 593 1361 678 quaesi

256 703 320 768 alio
341 704 410 766 loco
440 705 598 786 legeretur
623 723 682 787 pro
714 703 899 768 Aristotelia
927 702 1037 769 haberi
1066 705 1202 800 fortasse
1225 707 1362 784 posset,

254 811 309 875 sed
328 817 431 876 tamen
451 812 511 875 duo
531 812 636 878 insunt
657 831 737 895 quae
758 812 891 878 alienam
912 830 1035 878 manum
1054 811 1198 893 prodant.
1242 810 1357 874 Ulixes

160 901 164 910 ’
254 937 276 982 a
297 921 417 983 numine
442 919 598 997 Euryclea
627 919 709 984 iuter
729 920 896 994 lavandum
933 920 1102 1002 doomonte
1135 936 1177 983 cx
1207 916 1359 996 cicatpice

255 1026 444 1109 agnoscitur.
477 1026 540 1090 rid.
564 1028 674 1106 odyss.
707 1027 742 1090 T.
763 1032 905 1110 38tlsqq.
957 1027 1039 1091 lanc
1068 1025 1258 1109 agnitionem
1286 1043 1359 1088 eum

254 1151 328 1198 nox
348 1133 424 1197 dicit
444 1134 512 1198 lieri
533 1131 568 1195 ιἰι
583 1129 792 1215 περιπετείας,
813 1135 907 1199 aliam
928 1153 967 1199 ac
984 1134 1111 1199 multum
1129 1133 1295 1196 donnum
1311 1131 1359 1195 ai-
1443 1141 1444 1208 ζ

253 1240 482 1324 gnificatiouem
502 1242 573 1308 huic
592 1243 707 1308 nomini
731 1243 816 1307 dedit
836 1259 928 1325 quam
947 1261 1040 1306 verus
1061 1241 1247 1306 Aristoteles
1268 1259 1296 1304 c.
1310 1246 1359 1302 lo
1443 1255 1444 1312 ς

252 1355 356 1413 etll.
379 1382 424 1397 -
463 1347 536 1411 καὶ
557 1339 793 1421 dilmarici
824 1349 1133 1429 τῶνσυβσιῶνι
1155 1349 1357 1414 samonaco

253 1463 286 1520 ct
305 1457 458 1523 Plriloctio
480 1459 586 1522 Ulixes
605 1459 796 1541 agnoscitur,
816 1445 884 1522 σιιιιι
904 1464 939 1522 ut
957 1459 1049 1522 idem
1062 1461 1181 1522 faceret
1200 1458 1354 1539 (πίστεως

252 1563 360 1647 ἕνεκα)
381 1566 557 1630 cicatricem
576 1565 664 1629 illam
683 1566 750 1647 ipsc
769 1572 981 1631 monstrasset.
1004 1568 1067 1632 vid.
1088 1567 1199 1645 odyss.
1224 1565 1265 1629 Φ.
1286 1568 1355 1629 21⁷

253 1690 322 1755 sqq.
370 1673 426 1736 sed
448 1674 497 1738 illi
526 1673 579 1756 qui
598 1674 811 1755 agnoscebant
841 1692 913 1740 num
942 1669 1079 1753 coptiten
1101 1676 1217 1738 oranti
1258 1675 1354 1738 immo

253 1781 422 1844 Philoctius
441 1775 593 1857 βουκόλος
615 1787 693 1860 erat,
712 1781 866 1846 umacus
886 1776 1031 1862 συβότης.
1072 1781 1132 1845 Ιισσ
1152 1784 1283 1848 alneum
1304 1789 1357 1846 est

254 1888 363 1953 vitium
383 1888 616 1970 interpolatoris
649 1890 808 1954 minitati
827 1890 1028 1956 tribuendum.
1072 1888 1202 1971 Νιίιτρα
1224 1890 1357 1955 undevi-

255 1996 553 2074 cesimaddysscae
571 1998 741 2080 rhapsodia
763 2001 816 2062 vcl
848 2000 950 2080 potius
971 2018 1046 2081 para
1067 1999 1133 2063 cius
1164 1999 1238 2063 libri
1258 2018 1356 2064 voca-

255 2103 358 2167 batur.
381 2103 443 2167 vid.
465 2104 507 2168 ad
527 2124 594 2188 cap.
618 2110 669 2185 24,
691 2112 714 2169 9
736 2112 816 2170 extr.
842 2106 881 2170 de
900 2108 1023 2188 perdita
1042 2106 1207 2190 Sophoclis
1233 2101 1355 2185 fodida,

252 2230 332 2296 quae
359 2212 449 2276 modo
471 2210 600 2292 Νίιιτριι
629 2216 719 2279 modo
738 2208 908 2286 Ὀιῐιισσιύς
935 2209 1138 2298 ἀκανθόιιληξ
1158 2216 1356 2298 appellatur,

251 2322 301 2386 nic
315 2340 402 2384 nemo
424 2321 619 2405 cogitaverit

342 2427 372 2510 §.
393 2434 424 2496 4,
467 2424 669 2510 δεύτεραι
690 2429 764 2494 δὲ·
780 2425 843 2492 διὸ
864 2419 1056 2511 ἅτιχνσιε
1078 2432 1138 2497 hoc
1158 2434 1359 2498 manifetum

254 2541 383 2604 alienae
403 2559 512 2603 manus
531 2540 704 2621 vestigium,
730 2542 809 2622 quod
830 2541 996 2606 secundum
1009 2560 1108 2624 genus
1130 2547 1177 2608 cst
1196 2542 1358 2621 eiusmodi,

261 2654 297 2711 ut
317 2648 398 2711 idem
427 2648 556 2729 primum
585 2655 616 2709 et
644 2649 769 2711 tertium
799 2654 830 2711 et
848 2636 989 2730 quadum
1010 2669 1079 2713 esse
1098 2651 1220 2733 possit:
1243 2657 1359 2732 poetae

128 2775 131 2782 ⁴
257 2755 338 2819 enim
373 2756 505 2820 cuiusvis
532 2755 658 2839 generis
687 2756 864 2838 agnitiones
892 2758 1071 2841 excogitare
1090 2759 1173 2823 licet.
1226 2760 1283 2822 sed
1303 2757 1357 2823 liic

256 2872 364 2927 noster
384 2884 440 2929 suo
461 2865 592 2930 arbitrio
620 2866 832 2945 pronuntiavit
858 2866 1035 2948 agnitiones
1056 2887 1077 2931 a
1098 2873 1192 2949 poeta
1211 2867 1359 2930 inventas

256 2974 296 3035 ob
321 2991 389 3035 eam
408 2973 508 3053 ipsam
530 2991 654 3035 causam
676 2974 771 3035 rudes
798 2991 883 3051 esse,
905 2991 973 3037 erun
992 2979 1096 3038 tamen
1115 2980 1147 3037 et
1170 2974 1303 3055 optimas
1324 2979 1357 3038 et

260 3078 409 3160 pessimas
444 3079 584 3140 invenire
606 3081 713 3160 possit
765 3082 854 3144 tarde
877 3081 1012 3145 succedit
1033 3090 1064 3146 ct
1082 3082 1187 3147 hiante
1209 3082 1358 3146 iunctura

259 3181 310 3246 dod
335 3174 474 3264 ἄτεχνοι.
518 3203 596 3268 quac
619 3193 796 3269 sequuntur,
819 3207 923 3253 merae
942 3210 1047 3273 nugae
1069 3196 1148 3254 suut.

341 3284 433 3354 οἷον
453 3290 645 3374 Ὀρέστης
672 3292 712 3355 ἐν
743 3295 788 3377 τῇ
808 3293 1035 3383 Ἰφιγενείᾳ
1064 3292 1359 3376 α’νιγνιόρισεν

257 3394 324 3462 ὅτι
349 3399 554 3481 Ὀρέστηςε
584 3405 679 3466 talem
705 3404 787 3466 huuc
818 3407 918 3468 locuni
949 3405 1095 3470 exhibent
1125 3404 1253 3469 chcNa
1274 3411 1308 3467 et
1326 3406 1359 3468 Μ

260 3503 366 3574 omnes
388 3518 419 3573 ct
440 3510 586 3590 Galo,
605 3530 681 3593 quos
702 3530 758 3574 cur
779 3512 956 3576 deseramus
972 3514 1053 3578 iusta
1074 3535 1169 3578 causa
1189 3515 1286 3577 deest.
1311 3520 1357 3576 te-

258 3621 382 3682 chnicus
403 3627 510 3683 noster
531 3615 739 3698 docyocdptoco
764 3609 811 3680 ὅτι
837 3616 984 3701 Ὀρέστης
1003 3641 1084 3687 nove
1105 3624 1185 3687 dixit
1204 3642 1263 3704 pro
1289 3640 1358 3686 ma·
1431 3662 1439 3676 ·

260 3725 418 3806 infestum
438 3725 583 3830 fecttxse
604 3746 680 3792 esse
701 3725 875 3810 Oresten,
900 3731 1037 3816 dativum
1056 3728 1222 3816 Ἰφιγενείᾳ
1245 3732 1359 3795 lectori

259 3836 466 3916 supplendum·
487 3837 684 3920 relinquens,
705 3836 831 3900 sinistre
859 3856 934 3901 sane
955 3845 1124 3921 utrumque,
1145 3838 1306 3902 sedidem
1326 3839 1359 3903 iu

258 3943 456 4007 admittendis
475 3944 633 4026 ellipsibus
654 3964 773 4008 omnem
801 3947 922 4009 modum
944 3948 1051 4029 egredi
1082 3949 1172 4012 solet.
1216 3948 1358 4029 respexit

259 4049 449 4135 Iphigeniae
469 4048 671 4135 Euripidcae
699 4051 924 4118 Tautiomosis·
934 4074 964 4119 v.
985 4061 1152 4120 811-826.
1203 4056 1260 4118 sed
1283 4056 1355 4119 vide

259 4162 409 4241 quomodo
443 4162 577 4224 editores
606 4162 722 4243 antiqui
753 4161 824 4225 lruic
853 4164 923 4225 loco
944 4169 1128 4227 succurrere
1146 4164 1251 4228 conati
1272 4164 1350 4241 sint,

257 4266 405 4349 siquidem
429 4270 547 4351 legunt
575 4257 641 4332 οἷον
667 4260 813 4350 Ὀρέστης
842 4266 876 4329 ἐν
897 4267 938 4352 τῇ
966 4266 1135 4353 Ἰφιγενείᾳ
1160 4265 1357 4351 ἀνεγνώρισε
