2892 4917
279 339 343 400 m
667 277 993 400 commarmlvs
1128 337 1134 348 ’

280 535 385 580 coram
405 515 629 599 spectatoribus
653 536 722 580 sese
748 505 863 581 'molit
884 522 938 582 aut
959 514 1118 592 occiditur,
1141 532 1211 579 sese
1232 514 1375 579 miserat

147 699 149 708 p
279 626 331 689 vel
351 631 447 689 vexat
475 632 530 689 aut
560 626 743 689 vulneratur
775 627 999 703 velvexatur,
1030 624 1096 688 eia
1126 623 1200 688 mit
1221 625 1400 687 Leideu'

280 735 357 814 (nou
378 734 449 796 mit
472 731 837 813 heideusclalten)
861 734 1058 796 erllllltes
1085 730 1223 797 Stttela
1264 732 1375 796 Aiaces

277 843 376 925 igitur
396 842 466 905 huic
490 841 604 905 homini
621 842 806 925 tragoediae
827 849 899 905 suut
919 841 1103 922 παθητικαί,
1125 841 1270 925 quoniam
1292 838 1374 904 Aiax

277 951 475 1014 Telamonius
496 949 563 1033 ipse
584 970 618 1013 se
641 951 802 1029 interficit,
826 950 989 1013 Locrensis
1010 969 1031 1012 a
1051 949 1193 1013 Minerva
1208 948 1371 1024 occiditur3

277 1057 514 1137 immissiones,
548 1057 691 1140 quoniam
721 1057 810 1122 lxion
839 1066 929 1121 rotae
960 1058 1127 1121 adstrictus
1150 1074 1267 1140 mres
1287 1057 1374 1119 labo-

276 1186 329 1231 res
349 1170 477 1249 perfert.
519 1168 636 1231 Ixionis
657 1166 796 1231 fabulam
826 1173 891 1250 tres
917 1165 1101 1250 tragoediae
1124 1165 1267 1232 Graecae
1289 1166 1374 1248 prin-

278 1275 363 1356 cipes
384 1276 584 1357 scripserunt.
626 1276 804 1357 fragmenta
825 1275 975 1338 nonnulla
996 1274 1068 1337 inde
1086 1280 1273 1337 conservata
1293 1279 1372 1340 aaut.

277 1384 358 1447 conf.
378 1383 519 1448 llindorf.
541 1379 633 1448 Post.
653 1400 745 1447 scen.
769 1378 829 1447 Gr.
850 1383 883 1445 ia
910 1379 1188 1459 ἅποσπασματώις
1218 1400 1249 1464 p.
1270 1385 1301 1445 8.
1322 1386 1371 1443 12.

276 1494 329 1555 tl&
372 1491 530 1556 comoedia
560 1485 659 1566 Ἰξίων
680 1491 793 1554 Eubuli
813 1491 959 1555 laudatur
987 1489 1027 1555 ab
1055 1490 1215 1554 Athenaeo
1236 1491 1318 1554 vm.
1341 1509 1371 1571 p.

277 1607 342 1667 347
360 1600 400 1664 ll.
456 1599 628 1682 Sophocles
648 1606 774 1681 praetor
797 1600 924 1662 Aiacem
944 1590 1182 1679 μαστιγοφόρον
1202 1598 1255 1660 rel
1276 1598 1371 1661 'l'ela-

275 1712 409 1774 monium
428 1708 622 1791 superstitem
644 1707 737 1771 etiam
754 1702 901 1772 Locrmu
916 1706 1011 1789 (Oilei
1025 1704 1065 1786 f.)
1088 1706 1267 1788 composuit,
1288 1705 1372 1769 enim

273 1821 450 1901 fragmenta
471 1814 534 1878 vid.
558 1835 608 1897 ap.
632 1815 772 1882 Diodori.
794 1834 825 1898 p.
849 1820 900 1878 29.

357 1920 379 2005 ἦ
414 1922 458 1985 δὲ
488 1915 632 2003 ἠθική,
670 1913 756 1986 οἷον
786 1916 830 1983 oi
864 1918 1107 1993 Φθιώτιδας
1140 1914 1256 1982 καὶὸ
1284 1920 1370 1999 llq»

275 2027 395 2105 lade:
424 2032 527 2116 pergit
561 2032 667 2094 eodem
696 2031 821 2095 tramite
851 2031 1012 2095 admodum
1032 2031 1128 2113 plano
1153 2049 1192 2093 ac
1218 2029 1305 2092 facili
1332 2028 1370 2092 ad

276 2139 485 2205 incedendum.
528 2138 736 2203 Phthiotidum
749 2139 913 2223 Sophoclis
932 2138 1058 2204 fabulae
1077 2155 1179 2221 pauca
1196 2138 1371 2219 fragmenta

275 2245 349 2328 lege
369 2245 451 2328 apud
465 2243 606 2307 llindorf.
622 2264 651 2325 p.
665 2250 717 2308 60.
759 2245 883 2307 Peleum
904 2244 1075 2327 Sophocles
1089 2243 1297 2326 etldrrripides
1319 2244 1388 2308 do-·

276 2361 413 2419 ruerunt.
435 2352 488 2417 vid
508 2355 687 2435 fragmenta
708 2352 790 2435 apud
811 2353 952 2417 llindorl.
973 2371 1004 2435 p.
1024 2355 1077 2415 51.
1099 2358 1171 2418 1oo.

357 2456 403 2521 τὸ
426 2458 469 2521 δὲ
489 2460 693 2540 τέταρτον,
716 2448 805 2520 οἷον
824 2457 871 2520 αἲ
889 2477 931 2520 τε
954 2457 1155 2539 Φορκίδες
1173 2455 1246 2521 καὶ
1266 2462 1387 2542 Προέ-

274 2562 438 2650 pedania
468 2566 536 2627 καί
565 2559 641 2629 ὅσα
665 2567 707 2628 s‘o
729 2559 897 2632 “Aeduus
919 2568 980 2631 iam
1008 2568 1041 2631 in
1061 2568 1145 2633 aliud
1168 2576 1269 2634 artum
1290 2589 1367 2634 com·

274 2677 380 2759 pulsus
403 2681 450 2738 est
468 2676 581 2739 nullius
599 2664 703 2738 iudicii
725 2675 901 2758 sterilisque
919 2675 1039 2759 ingenii
1062 2675 1206 2758 scriptor.
1229 2679 1365 2742 nimirum

275 2786 303 2849 is
330 2792 472 2869 quartam
499 2784 652 2868 quandam
679 2783 911 2865 tragoediarum
940 2784 1071 2866 speciem
1102 2804 1171 2848 esse
1200 2785 1366 2866 inaudivit,

276 2894 331 2956 sed
356 2913 423 2956 eam
443 2911 542 2975 neque
555 2891 732 2956 delinitione
751 2892 910 2956 illustrare
928 2911 1028 2974 neque
1046 2894 1168 2956 nomine
1187 2894 1368 2976 consignare

275 3002 395 3084 potuit;
418 3002 521 3084 itaque
541 3002 682 3082 exempla
693 3001 844 3064 nonnulla
859 3002 999 3090 posuisse
1019 3008 1180 3065 contentus
1193 3010 1250 3067 est.
1272 3004 1366 3066 Plor-

276 3108 360 3171 cides
381 3106 525 3185 Aeschyli
547 3106 712 3188 tragoedia
732 3113 815 3187 erat,
836 3108 921 3171 cuius
939 3111 1117 3192 fragmenta
1136 3108 1313 3173 Dindorlius
1336 3129 1363 3191 p.

276 3223 328 3281 19.
352 3216 445 3280 dedit.
487 3215 526 3277 de
546 3213 654 3277 fabula
675 3215 714 3278 cf.
729 3212 937 3294 Apollodorus
956 3216 987 3296 l,
1008 3222 1080 3280 Μ.
1104 3236 1135 3300 p.
1158 3222 1210 3280 13.
1231 3219 1364 3297 11,4‚a.

276 3346 307 3408 p.
331 3330 401 3388 137.
424 3329 455 3385 et
473 3320 582 3400 lleynii
613 3321 653 3385 ad
675 3319 896 3403 Apollodorum
920 3319 1177 3389 Observationes
1196 3344 1227 3407 p.
1244 3330 1308 3389 118
1322 3341 1364 3407 sq.

277 3432 459 3496 wolckerus
481 3428 513 3492 in
533 3425 681 3511 Trilopia
701 3422 882 3512 Aeschylia
901 3447 932 3511 p.
954 3433 1094 3513 as1sqq.
1138 3433 1364 3514 grammaticam

277 3535 381 3617 ἁπλῆν
403 3535 583 3620 τραγῳδίαν
604 3537 780 3617 siguificare
800 3538 933 3600 voluisse
952 3538 1056 3600 statim
1077 3539 1267 3603 videbimus:
1291 3541 1365 3603 inte·

278 3651 337 3714 rim
358 3650 397 3711 de
427 3647 489 3711 loci
520 3646 676 3727 scriptura
704 3646 907 3727 dispiciamus.
960 3666 1032 3710 nam
1053 3646 1086 3711 in
1109 3666 1186 3710 voce
1207 3636 1275 3709 οἷον
1293 3647 1367 3710 scri-
1430 3617 1431 3660 ¹

277 3758 380 3822 lenda
401 3756 488 3818 multi
502 3755 621 3818 codices
636 3755 792 3819 aberrant.
814 3755 876 3819 vid.
897 3759 963 3818 not.
980 3758 1057 3820 crit.
1080 3756 1215 3819 dubitari
1235 3758 1290 3820 vix
1302 3764 1366 3839 pot-
1429 3755 1430 3824 ἐ

279 3871 327 3928 est
347 3864 420 3947 quin
442 3853 509 3925 οἷον
529 3882 636 3925 verum
657 3862 717 3927 sit:
740 3880 811 3925 nam
833 3856 888 3942 ὁης
910 3850 976 3922 οἷον
998 3863 1076 3927 nmil
1097 3870 1144 3927 est
1165 3865 1225 3928 nisi
1245 3864 1365 3931 librarii

277 3971 446 4051 aberratio,
466 3989 556 4054 quam
577 3989 644 4033 curn
664 3970 718 4033 alii
731 3987 794 4033 nou
815 3978 1262 4056 concoquereutnequetamen
1283 3992 1365 4036 mon·

276 4089 373 4144 strum
393 4072 446 4159 ὁης
467 4087 612 4161 παρείθη
627 4080 754 4159 vellent,
775 4079 917 4144 lacunam
937 4080 1121 4145 iudicarunt.
1165 4083 1247 4164 quod
1262 4084 1365 4147 Victo·

278 4189 342 4253 rias
363 4190 396 4252 iu
415 4208 476 4252 uno
497 4188 602 4250 codice
622 4188 741 4250 invenit
760 4181 796 4248 ri
810 4184 846 4247 dd
867 4185 1014 4268 τέταρτον
1034 4182 1155 4263 ὁμαλὸν
1176 4179 1250 4269 οἷον,
1274 4192 1365 4255 inter.

270 4299 407 4382 positum
442 4286 564 4376 ὁμαλὸν
584 4294 748 4360 recentiori
774 4294 893 4361 caudam
922 4296 1091 4366 comesturi
1110 4297 1248 4379 delean,
1269 4300 1322 4385 ueri
1340 4317 1363 4361 a
