<?xml version="1.0" encoding="UTF-8"?>
<!DOCTYPE html PUBLIC "-//W3C//DTD XHTML 1.0 Transitional//EN"
    "http://www.w3.org/TR/xhtml1/DTD/xhtml1-transitional.dtd">
<html xmlns="http://www.w3.org/1999/xhtml" xml:lang="en" lang="en">
 <head>
  <title>
</title>
<meta http-equiv="Content-Type" content="text/html;charset=utf-8" />
  <meta name='ocr-system' content='tesseract 3.04.00' />
  <meta name='ocr-capabilities' content='ocr_page ocr_carea ocr_par ocr_line ocrx_word'/>
</head>
<body>
  <div class='ocr_page' id='page_1' title='image "./poetica00arisgoog_0049.png"; bbox 0 0 2892 4917; ppageno 0'>
   <div class='ocr_carea' id='block_1_1' title="bbox 408 357 1167 430">
    <p class='ocr_par' dir='ltr' id='par_1_1' title="bbox 408 357 1167 430">
     <span class='ocr_line' id='line_1_1' title="bbox 408 357 1167 430; baseline 0.008 -9"><span class='ocrx_word' id='word_1_1' title='bbox 408 358 525 423; x_wconf 85' lang='grc' dir='ltr'><strong><em>ΠΕΡΙ</em></strong></span> <span class='ocrx_word' id='word_1_2' title='bbox 544 357 824 430; x_wconf 77' lang='grc' dir='ltr'><em>ΠΟΙΗΤΙΚΗΣ.</em></span> <span class='ocrx_word' id='word_1_3' title='bbox 1144 365 1167 427; x_wconf 77' lang='grc'>5</span> 
     </span>
    </p>
   </div>
   <div class='ocr_carea' id='block_1_2' title="bbox 40 528 1279 2132">
    <p class='ocr_par' dir='ltr' id='par_1_2' title="bbox 40 528 1279 2132">
     <span class='ocr_line' id='line_1_2' title="bbox 69 528 1164 620; baseline 0.001 -18"><span class='ocrx_word' id='word_1_4' title='bbox 69 539 147 602; x_wconf 72' lang='grc' dir='ltr'><em>σθαι</em></span> <span class='ocrx_word' id='word_1_5' title='bbox 167 529 253 599; x_wconf 76' lang='grc' dir='ltr'><em>ἔστιν</em></span> <span class='ocrx_word' id='word_1_6' title='bbox 291 528 346 598; x_wconf 79' lang='grc' dir='ltr'>δτδ</span> <span class='ocrx_word' id='word_1_7' title='bbox 378 535 438 616; x_wconf 82' lang='grc' dir='ltr'><em>μὲν</em></span> <span class='ocrx_word' id='word_1_8' title='bbox 467 535 702 618; x_wconf 70' lang='grc' dir='ltr'>ἀπαγγέλλοντα</span> <span class='ocrx_word' id='word_1_9' title='bbox 730 530 753 619; x_wconf 81' lang='grc' dir='ltr'><em>ἢ</em></span> <span class='ocrx_word' id='word_1_10' title='bbox 783 533 893 618; x_wconf 74' lang='grc' dir='ltr'><em>ἕτερόν</em></span> <span class='ocrx_word' id='word_1_11' title='bbox 916 559 947 601; x_wconf 94' lang='grc' dir='ltr'>τι</span> <span class='ocrx_word' id='word_1_12' title='bbox 980 537 1164 620; x_wconf 85' lang='grc' dir='ltr'><em>γιγνόμενον</em></span> 
     </span>
     <span class='ocr_line' id='line_1_3' title="bbox 71 645 1164 737; baseline 0.004 -22"><span class='ocrx_word' id='word_1_13' title='bbox 71 659 98 737; x_wconf 94' lang='grc'>[,</span> <span class='ocrx_word' id='word_1_14' title='bbox 120 648 229 734; x_wconf 84' lang='grc' dir='ltr'><em>ώστιερ</em></span> <span class='ocrx_word' id='word_1_15' title='bbox 243 645 383 736; x_wconf 79' lang='grc' dir='ltr'><em>Ὅμηρος</em></span> <span class='ocrx_word' id='word_1_16' title='bbox 403 657 513 733; x_wconf 85' lang='grc' dir='ltr'><em>ιτσιεῖ,]</em></span> <span class='ocrx_word' id='word_1_17' title='bbox 544 645 567 734; x_wconf 77' lang='grc' dir='ltr'><em>ἢ</em></span> <span class='ocrx_word' id='word_1_18' title='bbox 588 650 632 726; x_wconf 85' lang='grc' dir='ltr'>ώς</span> <span class='ocrx_word' id='word_1_19' title='bbox 659 649 717 715; x_wconf 83' lang='grc' dir='ltr'>τδν</span> <span class='ocrx_word' id='word_1_20' title='bbox 739 648 837 728; x_wconf 73' lang='grc' dir='ltr'><em>αὐτὸν</em></span> <span class='ocrx_word' id='word_1_21' title='bbox 864 649 920 715; x_wconf 83' lang='grc' dir='ltr'><strong><em>καί</em></strong></span> <span class='ocrx_word' id='word_1_22' title='bbox 937 649 981 735; x_wconf 66' lang='grc' dir='ltr'><em>μδ</em></span> <span class='ocrx_word' id='word_1_23' title='bbox 1005 654 1164 735; x_wconf 81' lang='grc' dir='ltr'><em>μεταβάλ·</em></span> 
     </span>
     <span class='ocr_line' id='line_1_4' title="bbox 70 759 1163 851; baseline 0.002 -19"><span class='ocrx_word' id='word_1_24' title='bbox 70 773 172 850; x_wconf 86' lang='grc' dir='ltr'><em>λσντα,</em></span> <span class='ocrx_word' id='word_1_25' title='bbox 193 759 217 851; x_wconf 79' lang='grc' dir='ltr'><em>ἢ</em></span> <span class='ocrx_word' id='word_1_26' title='bbox 236 764 358 842; x_wconf 79' lang='grc' dir='ltr'><em>πάντας</em></span> <span class='ocrx_word' id='word_1_27' title='bbox 379 766 422 844; x_wconf 89' lang='grc' dir='ltr'>ώς</span> <span class='ocrx_word' id='word_1_28' title='bbox 444 764 633 850; x_wconf 75' lang='grc' dir='ltr'><em>πράττοντας</em></span> <span class='ocrx_word' id='word_1_29' title='bbox 653 770 710 830; x_wconf 83' lang='grc' dir='ltr'><em>κατ’</em></span> <span class='ocrx_word' id='word_1_30' title='bbox 727 769 929 850; x_wconf 76' lang='grc' dir='ltr'><em>ἐνεργοῦντας</em></span> <span class='ocrx_word' id='word_1_31' title='bbox 949 765 1023 843; x_wconf 81' lang='grc' dir='ltr'>τούς</span> <span class='ocrx_word' id='word_1_32' title='bbox 1043 794 1163 851; x_wconf 85' lang='grc' dir='ltr'><em>μιμου-</em></span> 
     </span>
     <span class='ocr_line' id='line_1_5' title="bbox 69 880 1191 968; baseline 0.003 -21"><span class='ocrx_word' id='word_1_33' title='bbox 69 886 195 966; x_wconf 76' lang='grc' dir='ltr'><em>μένους.</em></span> <span class='ocrx_word' id='word_1_34' title='bbox 238 884 272 946; x_wconf 79' lang='grc' dir='ltr'>ἒν</span> <span class='ocrx_word' id='word_1_35' title='bbox 290 885 377 968; x_wconf 85' lang='grc' dir='ltr'><em>τρισί</em></span> <span class='ocrx_word' id='word_1_36' title='bbox 395 880 434 966; x_wconf 72' lang='grc' dir='ltr'><em>δὴ</em></span> <span class='ocrx_word' id='word_1_37' title='bbox 458 881 589 958; x_wconf 78' lang='grc' dir='ltr'><em>ταύταις</em></span> <span class='ocrx_word' id='word_1_38' title='bbox 607 884 780 968; x_wconf 77' lang='grc' dir='ltr'><em>διαφοραῖς</em></span> <span class='ocrx_word' id='word_1_39' title='bbox 800 882 820 965; x_wconf 79' lang='grc' dir='ltr'><em>ἦ</em></span> <span class='ocrx_word' id='word_1_40' title='bbox 840 884 972 968; x_wconf 74' lang='grc' dir='ltr'><em>μίμησίς</em></span> <span class='ocrx_word' id='word_1_41' title='bbox 992 887 1098 968; x_wconf 83' lang='grc' dir='ltr'><em>ἐστιν,</em></span> <span class='ocrx_word' id='word_1_42' title='bbox 1120 884 1191 962; x_wconf 81' lang='grc' dir='ltr'>ώςτ</span> 
     </span>
     <span class='ocr_line' id='line_1_6' title="bbox 50 993 1165 1087; baseline 0.005 -26"><span class='ocrx_word' id='word_1_43' title='bbox 50 997 200 1081; x_wconf 83' lang='grc' dir='ltr'><em>5εἴτισμεν</em></span> <span class='ocrx_word' id='word_1_44' title='bbox 224 1002 295 1062; x_wconf 88' lang='grc' dir='ltr'><em>κατ’</em></span> <span class='ocrx_word' id='word_1_45' title='bbox 318 996 437 1083; x_wconf 79' lang='grc' dir='ltr'><em>α’ρχάς,</em></span> <span class='ocrx_word' id='word_1_46' title='bbox 472 999 506 1063; x_wconf 83' lang='grc' dir='ltr'>ἕν</span> <span class='ocrx_word' id='word_1_47' title='bbox 528 993 575 1073; x_wconf 84' lang='grc' dir='ltr'>οἷς</span> <span class='ocrx_word' id='word_1_48' title='bbox 594 1020 628 1062; x_wconf 84' lang='grc' dir='ltr'>τε</span> <span class='ocrx_word' id='word_1_49' title='bbox 648 1001 704 1062; x_wconf 83' lang='grc' dir='ltr'>καί</span> <span class='ocrx_word' id='word_1_50' title='bbox 723 995 746 1062; x_wconf 81' lang='grc' dir='ltr'><em>δ</em></span> <span class='ocrx_word' id='word_1_51' title='bbox 768 996 823 1062; x_wconf 84' lang='grc' dir='ltr'>καί</span> <span class='ocrx_word' id='word_1_52' title='bbox 844 993 897 1073; x_wconf 85' lang='grc' dir='ltr'>ώς.</span> <span class='ocrx_word' id='word_1_53' title='bbox 939 995 1022 1064; x_wconf 84' lang='grc' dir='ltr'><em>ώστε</em></span> <span class='ocrx_word' id='word_1_54' title='bbox 1046 1004 1087 1087; x_wconf 82' lang='grc' dir='ltr'>τῇ</span> <span class='ocrx_word' id='word_1_55' title='bbox 1105 1005 1165 1083; x_wconf 87' lang='grc' dir='ltr'><em>μὲν</em></span> 
     </span>
     <span class='ocr_line' id='line_1_7' title="bbox 70 1109 1279 1202; baseline 0.003 -24"><span class='ocrx_word' id='word_1_56' title='bbox 70 1113 210 1192; x_wconf 79' lang='grc' dir='ltr'><em>δαώτός</em></span> <span class='ocrx_word' id='word_1_57' title='bbox 236 1109 278 1178; x_wconf 81' lang='grc' dir='ltr'>άν</span> <span class='ocrx_word' id='word_1_58' title='bbox 299 1111 348 1198; x_wconf 79' lang='grc' dir='ltr'>εἴη</span> <span class='ocrx_word' id='word_1_59' title='bbox 374 1112 514 1200; x_wconf 62' lang='grc' dir='ltr'><em>μιμητὴς</em></span> <span class='ocrx_word' id='word_1_60' title='bbox 532 1112 658 1202; x_wconf 75' lang='grc' dir='ltr'><em>Ὁμήρῳ</em></span> <span class='ocrx_word' id='word_1_61' title='bbox 689 1118 872 1199; x_wconf 77' lang='grc' dir='ltr'><em>Σοφοκλῆς,</em></span> <span class='ocrx_word' id='word_1_62' title='bbox 903 1120 1076 1196; x_wconf 79' lang='grc' dir='ltr'><em>μιμοῦνται</em></span> <span class='ocrx_word' id='word_1_63' title='bbox 1102 1114 1163 1201; x_wconf 85' lang='grc' dir='ltr'>γάρ</span> <span class='ocrx_word' id='word_1_64' title='bbox 1273 1179 1279 1196; x_wconf 67' lang='grc'><em>,</em></span> 
     </span>
     <span class='ocr_line' id='line_1_8' title="bbox 71 1223 1164 1318; baseline 0 -22"><span class='ocrx_word' id='word_1_65' title='bbox 71 1223 168 1316; x_wconf 76' lang='grc' dir='ltr'><em>άμφω</em></span> <span class='ocrx_word' id='word_1_66' title='bbox 188 1227 394 1311; x_wconf 80' lang='grc' dir='ltr'><em>σπουδαίους,</em></span> <span class='ocrx_word' id='word_1_67' title='bbox 416 1232 456 1318; x_wconf 76' lang='grc' dir='ltr'>τῇ</span> <span class='ocrx_word' id='word_1_68' title='bbox 471 1232 507 1294; x_wconf 83' lang='grc' dir='ltr'>δὲ</span> <span class='ocrx_word' id='word_1_69' title='bbox 528 1226 770 1315; x_wconf 74' lang='grc' dir='ltr'><em>Ἀριστοφάνει·</em></span> <span class='ocrx_word' id='word_1_70' title='bbox 812 1227 1007 1314; x_wconf 79' lang='grc' dir='ltr'><em>πράττοντας</em></span> <span class='ocrx_word' id='word_1_71' title='bbox 1026 1232 1087 1317; x_wconf 87' lang='grc' dir='ltr'>γάρ</span> <span class='ocrx_word' id='word_1_72' title='bbox 1109 1258 1164 1313; x_wconf 80' lang='grc' dir='ltr'><em>μι·</em></span> 
     </span>
     <span class='ocr_line' id='line_1_9' title="bbox 70 1340 1191 1432; baseline 0.004 -21"><span class='ocrx_word' id='word_1_73' title='bbox 70 1350 203 1429; x_wconf 66' lang='grc' dir='ltr'><em>μοδτται</em></span> <span class='ocrx_word' id='word_1_74' title='bbox 233 1345 288 1410; x_wconf 80' lang='grc' dir='ltr'>καί</span> <span class='ocrx_word' id='word_1_75' title='bbox 317 1348 458 1431; x_wconf 81' lang='grc' dir='ltr'><em>δρώντας</em></span> <span class='ocrx_word' id='word_1_76' title='bbox 479 1340 589 1432; x_wconf 84' lang='grc' dir='ltr'><em>άμφω.</em></span> <span class='ocrx_word' id='word_1_77' title='bbox 640 1340 803 1429; x_wconf 67' lang='lat' dir='ltr'>[titianeni</span> <span class='ocrx_word' id='word_1_78' title='bbox 825 1342 974 1432; x_wconf 76' lang='grc' dir='ltr'><em>δράματα</em></span> <span class='ocrx_word' id='word_1_79' title='bbox 996 1353 1191 1418; x_wconf 60' lang='lat' dir='ltr'>nazaraenis</span> 
     </span>
     <span class='ocr_line' id='line_1_10' title="bbox 71 1458 1164 1551; baseline -0.005 -21"><span class='ocrx_word' id='word_1_80' title='bbox 71 1488 149 1543; x_wconf 90' lang='grc' dir='ltr'><em>τινες</em></span> <span class='ocrx_word' id='word_1_81' title='bbox 171 1461 255 1529; x_wconf 84' lang='grc' dir='ltr'><em>ου’τά</em></span> <span class='ocrx_word' id='word_1_82' title='bbox 275 1489 392 1551; x_wconf 89' lang='grc' dir='ltr'><em>φασιν,</em></span> <span class='ocrx_word' id='word_1_83' title='bbox 414 1458 462 1530; x_wconf 79' lang='grc' dir='ltr'>δτι</span> <span class='ocrx_word' id='word_1_84' title='bbox 480 1466 655 1545; x_wconf 83' lang='grc' dir='ltr'><em>μιμοῦνται</em></span> <span class='ocrx_word' id='word_1_85' title='bbox 676 1465 831 1548; x_wconf 85' lang='grc' dir='ltr'><em>δρώντσς.</em></span> <span class='ocrx_word' id='word_1_86' title='bbox 873 1461 924 1528; x_wconf 89' lang='grc' dir='ltr'>διὸ</span> <span class='ocrx_word' id='word_1_87' title='bbox 946 1462 1003 1529; x_wconf 81' lang='grc' dir='ltr'>καί</span> <span class='ocrx_word' id='word_1_88' title='bbox 1020 1460 1164 1530; x_wconf 82' lang='grc' dir='ltr'><em>άντιτιοι.</em></span> 
     </span>
     <span class='ocr_line' id='line_1_11' title="bbox 40 1577 1187 1668; baseline 0.002 -24"><span class='ocrx_word' id='word_1_89' title='bbox 40 1585 182 1647; x_wconf 82' lang='grc' dir='ltr'><em>ιοσῦνται</em></span> <span class='ocrx_word' id='word_1_90' title='bbox 203 1584 259 1665; x_wconf 79' lang='grc' dir='ltr'>τῆς</span> <span class='ocrx_word' id='word_1_91' title='bbox 279 1603 313 1645; x_wconf 85' lang='grc' dir='ltr'>τε</span> <span class='ocrx_word' id='word_1_92' title='bbox 335 1582 512 1668; x_wconf 75' lang='grc' dir='ltr'><em>τραγῳδίας</em></span> <span class='ocrx_word' id='word_1_93' title='bbox 532 1581 587 1642; x_wconf 84' lang='grc' dir='ltr'>καί</span> <span class='ocrx_word' id='word_1_94' title='bbox 607 1581 662 1663; x_wconf 76' lang='grc' dir='ltr'>τῆς</span> <span class='ocrx_word' id='word_1_95' title='bbox 690 1581 858 1666; x_wconf 87' lang='grc' dir='ltr'><em>κωμῳδίας</em></span> <span class='ocrx_word' id='word_1_96' title='bbox 881 1577 911 1643; x_wconf 80' lang='lat' dir='ltr'>oi</span> <span class='ocrx_word' id='word_1_97' title='bbox 931 1583 1087 1665; x_wconf 87' lang='grc' dir='ltr'><em>Δωριεῖς,</em></span> <span class='ocrx_word' id='word_1_98' title='bbox 1107 1584 1164 1667; x_wconf 81' lang='grc' dir='ltr'>τῆς</span> <span class='ocrx_word' id='word_1_99' title='bbox 1185 1585 1187 1590; x_wconf 80' lang='grc'><strong>’</strong></span> 
     </span>
     <span class='ocr_line' id='line_1_12' title="bbox 71 1692 1164 1785; baseline -0.004 -22"><span class='ocrx_word' id='word_1_100' title='bbox 71 1699 126 1780; x_wconf 74' lang='grc' dir='ltr'><em>μὲν</em></span> <span class='ocrx_word' id='word_1_101' title='bbox 146 1696 315 1785; x_wconf 75' lang='grc' dir='ltr'><em>κωμῳδίας</em></span> <span class='ocrx_word' id='word_1_102' title='bbox 345 1692 375 1759; x_wconf 85' lang='lat' dir='ltr'>oi</span> <span class='ocrx_word' id='word_1_103' title='bbox 400 1699 580 1780; x_wconf 78' lang='grc' dir='ltr'><em>Μεγαρεῖς,</em></span> <span class='ocrx_word' id='word_1_104' title='bbox 612 1698 693 1758; x_wconf 70' lang='lat' dir='ltr'>atvs</span> <span class='ocrx_word' id='word_1_105' title='bbox 715 1698 856 1758; x_wconf 73' lang='grc' dir='ltr'><em>ἐνταῦθα</em></span> <span class='ocrx_word' id='word_1_106' title='bbox 878 1694 922 1770; x_wconf 87' lang='grc' dir='ltr'>ώς</span> <span class='ocrx_word' id='word_1_107' title='bbox 941 1697 996 1760; x_wconf 81' lang='grc' dir='ltr'><em>εἰτί</em></span> <span class='ocrx_word' id='word_1_108' title='bbox 1012 1699 1067 1780; x_wconf 82' lang='grc' dir='ltr'>τῆς</span> <span class='ocrx_word' id='word_1_109' title='bbox 1087 1704 1164 1782; x_wconf 82' lang='grc' dir='ltr'><em>παρ’</em></span> 
     </span>
     <span class='ocr_line' id='line_1_13' title="bbox 73 1809 1162 1898; baseline -0.002 -20"><span class='ocrx_word' id='word_1_110' title='bbox 73 1817 175 1889; x_wconf 86' lang='grc' dir='ltr'><em>ου’τοῖς</em></span> <span class='ocrx_word' id='word_1_111' title='bbox 190 1811 404 1897; x_wconf 71' lang='grc' dir='ltr'><em>δημοκρατίας</em></span> <span class='ocrx_word' id='word_1_112' title='bbox 415 1814 590 1895; x_wconf 79' lang='grc' dir='ltr'><em>γενομένης,</em></span> <span class='ocrx_word' id='word_1_113' title='bbox 610 1811 666 1875; x_wconf 86' lang='grc' dir='ltr'><strong><em>καί</em></strong></span> <span class='ocrx_word' id='word_1_114' title='bbox 680 1809 710 1876; x_wconf 84' lang='grc' dir='ltr'>οἱ</span> <span class='ocrx_word' id='word_1_115' title='bbox 730 1814 764 1876; x_wconf 80' lang='grc' dir='ltr'>ἐκ</span> <span class='ocrx_word' id='word_1_116' title='bbox 778 1815 922 1888; x_wconf 80' lang='grc' dir='ltr'><em>Σικελίας</em></span> <span class='ocrx_word' id='word_1_117' title='bbox 943 1814 1081 1896; x_wconf 75' lang='grc' dir='ltr'><em>(ἐκεῖθεν</em></span> <span class='ocrx_word' id='word_1_118' title='bbox 1100 1810 1162 1898; x_wconf 88' lang='grc' dir='ltr'>γάρ</span> 
     </span>
     <span class='ocr_line' id='line_1_14' title="bbox 73 1922 1165 2016; baseline 0.001 -23"><span class='ocrx_word' id='word_1_119' title='bbox 73 1922 319 2013; x_wconf 57' lang='grc' dir='ltr'><em>ἧνἘαιγαρμος</em></span> <span class='ocrx_word' id='word_1_120' title='bbox 354 1925 371 1990; x_wconf 84' lang='grc' dir='ltr'><em>δ</em></span> <span class='ocrx_word' id='word_1_121' title='bbox 397 1928 542 2012; x_wconf 74' lang='grc' dir='ltr'><em>τισιητὴς,</em></span> <span class='ocrx_word' id='word_1_122' title='bbox 573 1929 679 2016; x_wconf 75' lang='grc' dir='ltr'><em>ιτσλλρῖ</em></span> <span class='ocrx_word' id='word_1_123' title='bbox 699 1924 853 2012; x_wconf 82' lang='grc' dir='ltr'><em>πρότερος</em></span> <span class='ocrx_word' id='word_1_124' title='bbox 874 1923 919 1992; x_wconf 87' lang='grc' dir='ltr'>ών</span> <span class='ocrx_word' id='word_1_125' title='bbox 940 1930 1088 1993; x_wconf 84' lang='grc' dir='ltr'><em>Χωνίδοσ</em></span> <span class='ocrx_word' id='word_1_126' title='bbox 1110 1934 1165 1994; x_wconf 87' lang='grc' dir='ltr'><strong><em>καί</em></strong></span> 
     </span>
     <span class='ocr_line' id='line_1_15' title="bbox 74 2040 1163 2132; baseline 0 -23"><span class='ocrx_word' id='word_1_127' title='bbox 74 2043 275 2132; x_wconf 80' lang='grc' dir='ltr'><em>Μάγνητος),</em></span> <span class='ocrx_word' id='word_1_128' title='bbox 299 2045 429 2127; x_wconf 77' lang='grc' dir='ltr'><em>καὶτῆς</em></span> <span class='ocrx_word' id='word_1_129' title='bbox 453 2045 630 2131; x_wconf 78' lang='grc' dir='ltr'><em>τραγῳδίας</em></span> <span class='ocrx_word' id='word_1_130' title='bbox 655 2040 734 2109; x_wconf 76' lang='grc' dir='ltr'><em>ἔνιοι</em></span> <span class='ocrx_word' id='word_1_131' title='bbox 764 2046 827 2126; x_wconf 83' lang='grc' dir='ltr'>τών</span> <span class='ocrx_word' id='word_1_132' title='bbox 855 2045 889 2109; x_wconf 80' lang='grc' dir='ltr'>ἔν</span> <span class='ocrx_word' id='word_1_133' title='bbox 910 2044 1163 2132; x_wconf 74' lang='grc' dir='ltr'><em>Πελοποννήσῳ,</em></span> 
     </span>
    </p>
   </div>
   <div class='ocr_carea' id='block_1_3' title="bbox 8 2150 1164 2272">
    <p class='ocr_par' dir='ltr' id='par_1_3' title="bbox 8 2150 1164 2272">
     <span class='ocr_line' id='line_1_16' title="bbox 43 2150 1164 2245; baseline -0.001 -21"><span class='ocrx_word' id='word_1_134' title='bbox 43 2157 251 2240; x_wconf 63' lang='lat' dir='ltr'>‚sacratarum</span> <span class='ocrx_word' id='word_1_135' title='bbox 282 2162 322 2223; x_wconf 82' lang='grc' dir='ltr'>τά</span> <span class='ocrx_word' id='word_1_136' title='bbox 345 2155 486 2240; x_wconf 84' lang='grc' dir='ltr'><em>δνὸματα</em></span> <span class='ocrx_word' id='word_1_137' title='bbox 519 2166 657 2245; x_wconf 76' lang='grc' dir='ltr'><em>σημεῖον.</em></span> <span class='ocrx_word' id='word_1_138' title='bbox 707 2150 797 2222; x_wconf 77' lang='grc' dir='ltr'><em>οὗτοι</em></span> <span class='ocrx_word' id='word_1_139' title='bbox 815 2160 875 2239; x_wconf 80' lang='grc' dir='ltr'><em>μὲν</em></span> <span class='ocrx_word' id='word_1_140' title='bbox 895 2158 956 2242; x_wconf 87' lang='grc' dir='ltr'>γάρ</span> <span class='ocrx_word' id='word_1_141' title='bbox 976 2158 1085 2242; x_wconf 81' lang='grc' dir='ltr'><em>κώμας</em></span> <span class='ocrx_word' id='word_1_142' title='bbox 1106 2160 1164 2235; x_wconf 84' lang='grc' dir='ltr'>τάς</span> 
     </span>
     <span class='ocr_line' id='line_1_17' title="bbox 8 2247 215 2272; baseline 0 -14"><span class='ocrx_word' id='word_1_143' title='bbox 8 2247 9 2272; x_wconf 71' lang='grc'><em>,</em></span> <span class='ocrx_word' id='word_1_144' title='bbox 214 2254 215 2258; x_wconf 75' lang='grc'><em>,</em></span> 
     </span>
    </p>
   </div>
   <div class='ocr_carea' id='block_1_4' title="bbox 74 2273 1164 2478">
    <p class='ocr_par' dir='ltr' id='par_1_4' title="bbox 74 2273 1164 2478">
     <span class='ocr_line' id='line_1_18' title="bbox 74 2273 1164 2363; baseline -0.002 -24"><span class='ocrx_word' id='word_1_145' title='bbox 74 2279 261 2361; x_wconf 84' lang='grc' dir='ltr'><em>περιοικίδας</em></span> <span class='ocrx_word' id='word_1_146' title='bbox 273 2282 381 2340; x_wconf 85' lang='grc' dir='ltr'><em>καλεῖν</em></span> <span class='ocrx_word' id='word_1_147' title='bbox 403 2278 514 2361; x_wconf 84' lang='grc' dir='ltr'><em>φασίν,</em></span> <span class='ocrx_word' id='word_1_148' title='bbox 534 2276 704 2360; x_wconf 72' lang='grc' dir='ltr'><em>Ἀθηναῖοι</em></span> <span class='ocrx_word' id='word_1_149' title='bbox 726 2277 762 2338; x_wconf 82' lang='grc' dir='ltr'>δὲ</span> <span class='ocrx_word' id='word_1_150' title='bbox 776 2273 908 2358; x_wconf 74' lang='grc' dir='ltr'><em>δήμους,</em></span> <span class='ocrx_word' id='word_1_151' title='bbox 927 2275 973 2350; x_wconf 86' lang='grc' dir='ltr'>ώς</span> <span class='ocrx_word' id='word_1_152' title='bbox 991 2273 1164 2363; x_wconf 82' lang='grc' dir='ltr'><em>κωμῳδοδς</em></span> 
     </span>
     <span class='ocr_line' id='line_1_19' title="bbox 75 2386 1162 2478; baseline -0.002 -23"><span class='ocrx_word' id='word_1_153' title='bbox 75 2386 129 2457; x_wconf 79' lang='lat' dir='ltr'>criu</span> <span class='ocrx_word' id='word_1_154' title='bbox 148 2392 209 2457; x_wconf 82' lang='grc' dir='ltr'><em>α’τιδ</em></span> <span class='ocrx_word' id='word_1_155' title='bbox 224 2395 283 2459; x_wconf 77' lang='grc' dir='ltr'>τοῦ</span> <span class='ocrx_word' id='word_1_156' title='bbox 299 2389 458 2474; x_wconf 83' lang='grc' dir='ltr'><em>κωμάζειν</em></span> <span class='ocrx_word' id='word_1_157' title='bbox 472 2396 656 2475; x_wconf 74' lang='grc' dir='ltr'><em>λεχθέντας,</em></span> <span class='ocrx_word' id='word_1_158' title='bbox 679 2388 761 2455; x_wconf 84' lang='grc' dir='ltr'><em>α’λλά</em></span> <span class='ocrx_word' id='word_1_159' title='bbox 775 2394 814 2478; x_wconf 79' lang='grc' dir='ltr'>τῇ</span> <span class='ocrx_word' id='word_1_160' title='bbox 834 2389 914 2454; x_wconf 84' lang='grc' dir='ltr'><em>κατά</em></span> <span class='ocrx_word' id='word_1_161' title='bbox 930 2388 1039 2472; x_wconf 80' lang='grc' dir='ltr'><em>κώμας</em></span> <span class='ocrx_word' id='word_1_162' title='bbox 1059 2390 1162 2477; x_wconf 71' lang='grc' dir='ltr'><em>πλάνῳ</em></span> 
     </span>
    </p>
   </div>
   <div class='ocr_carea' id='block_1_5' title="bbox 140 2584 1161 2659">
    <p class='ocr_par' dir='ltr' id='par_1_5' title="bbox 140 2584 1161 2659">
     <span class='ocr_line' id='line_1_20' title="bbox 140 2584 1161 2659; baseline -0.006 -15"><span class='ocrx_word' id='word_1_163' title='bbox 140 2592 166 2644; x_wconf 83' lang='grc'>5.</span> <span class='ocrx_word' id='word_1_164' title='bbox 182 2593 232 2646; x_wconf 76' lang='grc' dir='ltr'>καλ</span> <span class='ocrx_word' id='word_1_165' title='bbox 250 2584 270 2644; x_wconf 76' lang='grc' dir='ltr'><em>ἃ</em></span> <span class='ocrx_word' id='word_1_166' title='bbox 286 2589 388 2643; x_wconf 77' lang='lat' dir='ltr'>Aldus:</span> <span class='ocrx_word' id='word_1_167' title='bbox 408 2606 451 2642; x_wconf 89' lang='lat' dir='ltr'>om</span> <span class='ocrx_word' id='word_1_168' title='bbox 470 2588 581 2641; x_wconf 72' lang='lat' dir='ltr'>Aerem</span> <span class='ocrx_word' id='word_1_169' title='bbox 602 2595 631 2640; x_wconf 89' lang='lat' dir='ltr'>et</span> <span class='ocrx_word' id='word_1_170' title='bbox 646 2588 677 2640; x_wconf 92' lang='lat' dir='ltr'>M</span> <span class='ocrx_word' id='word_1_171' title='bbox 696 2603 790 2640; x_wconf 82' lang='lat' dir='ltr'>omnes</span> <span class='ocrx_word' id='word_1_172' title='bbox 809 2585 939 2659; x_wconf 87' lang='lat' dir='ltr'>etLPQ.</span> <span class='ocrx_word' id='word_1_173' title='bbox 959 2585 994 2639; x_wconf 87' lang='lat' dir='ltr'>de</span> <span class='ocrx_word' id='word_1_174' title='bbox 1013 2585 1161 2638; x_wconf 81' lang='lat' dir='ltr'>Gtacetur.</span> 
     </span>
    </p>
   </div>
   <div class='ocr_carea' id='block_1_6' title="bbox 7 2740 1226 4427">
    <p class='ocr_par' dir='ltr' id='par_1_6' title="bbox 7 2740 1226 4427">
     <span class='ocr_line' id='line_1_21' title="bbox 78 2740 1163 2827; baseline -0.002 -22"><span class='ocrx_word' id='word_1_175' title='bbox 78 2765 141 2806; x_wconf 89' lang='lat' dir='ltr'>rum</span> <span class='ocrx_word' id='word_1_176' title='bbox 153 2746 296 2808; x_wconf 79' lang='lat' dir='ltr'>imitetur</span> <span class='ocrx_word' id='word_1_177' title='bbox 308 2742 431 2827; x_wconf 86' lang='lat' dir='ltr'>aliquis.</span> <span class='ocrx_word' id='word_1_178' title='bbox 456 2767 527 2805; x_wconf 89' lang='lat' dir='ltr'>nam</span> <span class='ocrx_word' id='word_1_179' title='bbox 543 2741 657 2805; x_wconf 87' lang='lat' dir='ltr'>eisdem</span> <span class='ocrx_word' id='word_1_180' title='bbox 678 2754 710 2805; x_wconf 84' lang='lat' dir='ltr'>et</span> <span class='ocrx_word' id='word_1_181' title='bbox 725 2742 833 2804; x_wconf 91' lang='lat' dir='ltr'>eadem</span> <span class='ocrx_word' id='word_1_182' title='bbox 856 2740 972 2802; x_wconf 88' lang='lat' dir='ltr'>imitari</span> <span class='ocrx_word' id='word_1_183' title='bbox 988 2741 1061 2802; x_wconf 83' lang='lat' dir='ltr'>ticet</span> <span class='ocrx_word' id='word_1_184' title='bbox 1080 2762 1163 2803; x_wconf 89' lang='lat' dir='ltr'>nunc</span> 
     </span>
     <span class='ocr_line' id='line_1_22' title="bbox 79 2840 1164 2928; baseline -0.005 -23"><span class='ocrx_word' id='word_1_185' title='bbox 79 2846 197 2928; x_wconf 87' lang='lat' dir='ltr'>quidem</span> <span class='ocrx_word' id='word_1_186' title='bbox 219 2844 430 2912; x_wconf 87' lang='lat' dir='ltr'>renuntiando</span> <span class='ocrx_word' id='word_1_187' title='bbox 451 2843 515 2905; x_wconf 87' lang='lat' dir='ltr'>sive</span> <span class='ocrx_word' id='word_1_188' title='bbox 538 2844 628 2903; x_wconf 90' lang='lat' dir='ltr'>aliam</span> <span class='ocrx_word' id='word_1_189' title='bbox 650 2863 818 2924; x_wconf 81' lang='lat' dir='ltr'><strong>personam</strong></span> <span class='ocrx_word' id='word_1_190' title='bbox 847 2840 950 2902; x_wconf 84' lang='lat' dir='ltr'>induit</span> <span class='ocrx_word' id='word_1_191' title='bbox 984 2841 1074 2921; x_wconf 87' lang='lat' dir='ltr'>[sicut</span> <span class='ocrx_word' id='word_1_192' title='bbox 1097 2841 1164 2901; x_wconf 88' lang='lat' dir='ltr'>Ho-</span> 
     </span>
     <span class='ocr_line' id='line_1_23' title="bbox 78 2941 1164 3026; baseline -0.004 -21"><span class='ocrx_word' id='word_1_193' title='bbox 78 2968 171 3007; x_wconf 84' lang='lat' dir='ltr'>merus</span> <span class='ocrx_word' id='word_1_194' title='bbox 192 2947 277 3025; x_wconf 86' lang='lat' dir='ltr'>facit]</span> <span class='ocrx_word' id='word_1_195' title='bbox 300 2945 362 3007; x_wconf 87' lang='lat' dir='ltr'>sive</span> <span class='ocrx_word' id='word_1_196' title='bbox 384 2944 465 3003; x_wconf 87' lang='lat' dir='ltr'>idem</span> <span class='ocrx_word' id='word_1_197' title='bbox 482 2953 586 3004; x_wconf 83' lang='lat' dir='ltr'>manet</span> <span class='ocrx_word' id='word_1_198' title='bbox 608 2964 709 3026; x_wconf 92' lang='lat' dir='ltr'>neque</span> <span class='ocrx_word' id='word_1_199' title='bbox 729 2949 840 3017; x_wconf 89' lang='lat' dir='ltr'>mutat,</span> <span class='ocrx_word' id='word_1_200' title='bbox 865 2949 919 3001; x_wconf 86' lang='lat' dir='ltr'>aut</span> <span class='ocrx_word' id='word_1_201' title='bbox 936 2941 979 3002; x_wconf 93' lang='lat' dir='ltr'>ita</span> <span class='ocrx_word' id='word_1_202' title='bbox 1001 2952 1036 3004; x_wconf 87' lang='lat' dir='ltr'>ut</span> <span class='ocrx_word' id='word_1_203' title='bbox 1057 2962 1164 3002; x_wconf 91' lang='lat' dir='ltr'>omnes</span> 
     </span>
     <span class='ocr_line' id='line_1_24' title="bbox 80 3040 1165 3128; baseline -0.001 -24"><span class='ocrx_word' id='word_1_204' title='bbox 80 3047 189 3128; x_wconf 80' lang='lat' dir='ltr'>agendo</span> <span class='ocrx_word' id='word_1_205' title='bbox 211 3054 242 3106; x_wconf 87' lang='lat' dir='ltr'>et</span> <span class='ocrx_word' id='word_1_206' title='bbox 264 3044 426 3127; x_wconf 90' lang='lat' dir='ltr'>operando</span> <span class='ocrx_word' id='word_1_207' title='bbox 450 3044 622 3105; x_wconf 74' lang='lat' dir='ltr'><strong>imitentur.</strong></span> <span class='ocrx_word' id='word_1_208' title='bbox 667 3043 770 3104; x_wconf 86' lang='lat' dir='ltr'>tribus</span> <span class='ocrx_word' id='word_1_209' title='bbox 790 3042 887 3124; x_wconf 82' lang='lat' dir='ltr'>igitur</span> <span class='ocrx_word' id='word_1_210' title='bbox 908 3040 955 3103; x_wconf 92' lang='lat' dir='ltr'>his</span> <span class='ocrx_word' id='word_1_211' title='bbox 979 3041 1165 3103; x_wconf 80' lang='lat' dir='ltr'>differentiis</span> 
     </span>
     <span class='ocr_line' id='line_1_25' title="bbox 80 3143 1165 3226; baseline 0 -22"><span class='ocrx_word' id='word_1_212' title='bbox 80 3145 202 3207; x_wconf 81' lang='lat' dir='ltr'>imitatio</span> <span class='ocrx_word' id='word_1_213' title='bbox 219 3145 354 3205; x_wconf 85' lang='lat' dir='ltr'>obnoxia</span> <span class='ocrx_word' id='word_1_214' title='bbox 376 3154 431 3221; x_wconf 88' lang='lat' dir='ltr'>est,</span> <span class='ocrx_word' id='word_1_215' title='bbox 455 3154 491 3205; x_wconf 89' lang='lat' dir='ltr'>nt</span> <span class='ocrx_word' id='word_1_216' title='bbox 511 3144 549 3204; x_wconf 85' lang='lat' dir='ltr'>ab</span> <span class='ocrx_word' id='word_1_217' title='bbox 573 3143 662 3204; x_wconf 89' lang='lat' dir='ltr'>initio</span> <span class='ocrx_word' id='word_1_218' title='bbox 686 3143 825 3218; x_wconf 83' lang='lat' dir='ltr'>diximus,</span> <span class='ocrx_word' id='word_1_219' title='bbox 848 3162 907 3224; x_wconf 91' lang='lat' dir='ltr'>per</span> <span class='ocrx_word' id='word_1_220' title='bbox 928 3165 1006 3224; x_wconf 88' lang='lat' dir='ltr'>quac</span> <span class='ocrx_word' id='word_1_221' title='bbox 1029 3152 1061 3204; x_wconf 86' lang='lat' dir='ltr'>et</span> <span class='ocrx_word' id='word_1_222' title='bbox 1084 3165 1165 3226; x_wconf 86' lang='lat' dir='ltr'>quae</span> 
     </span>
     <span class='ocr_line' id='line_1_26' title="bbox 80 3241 1165 3330; baseline -0.002 -25"><span class='ocrx_word' id='word_1_223' title='bbox 80 3256 109 3307; x_wconf 89' lang='lat' dir='ltr'>et</span> <span class='ocrx_word' id='word_1_224' title='bbox 127 3244 299 3330; x_wconf 87' lang='lat' dir='ltr'>quomodo.</span> <span class='ocrx_word' id='word_1_225' title='bbox 341 3245 545 3327; x_wconf 88' lang='lat' dir='ltr'>quamobrem</span> <span class='ocrx_word' id='word_1_226' title='bbox 569 3244 607 3304; x_wconf 87' lang='lat' dir='ltr'>ab</span> <span class='ocrx_word' id='word_1_227' title='bbox 630 3265 691 3303; x_wconf 88' lang='lat' dir='ltr'>una</span> <span class='ocrx_word' id='word_1_228' title='bbox 725 3243 807 3303; x_wconf 89' lang='lat' dir='ltr'>idem</span> <span class='ocrx_word' id='word_1_229' title='bbox 830 3242 971 3302; x_wconf 80' lang='lat' dir='ltr'>imitator</span> <span class='ocrx_word' id='word_1_230' title='bbox 993 3241 1165 3323; x_wconf 90' lang='lat' dir='ltr'>Sophocles</span> 
     </span>
     <span class='ocr_line' id='line_1_27' title="bbox 80 3341 1165 3428; baseline -0.005 -22"><span class='ocrx_word' id='word_1_231' title='bbox 80 3352 120 3406; x_wconf 82' lang='lat' dir='ltr'>est</span> <span class='ocrx_word' id='word_1_232' title='bbox 138 3346 191 3428; x_wconf 91' lang='lat' dir='ltr'>qui</span> <span class='ocrx_word' id='word_1_233' title='bbox 213 3345 387 3422; x_wconf 83' lang='lat' dir='ltr'><strong>Homerus,</strong></span> <span class='ocrx_word' id='word_1_234' title='bbox 409 3343 528 3426; x_wconf 83' lang='lat' dir='ltr'>quippe</span> <span class='ocrx_word' id='word_1_235' title='bbox 552 3344 644 3404; x_wconf 89' lang='lat' dir='ltr'>ambo</span> <span class='ocrx_word' id='word_1_236' title='bbox 678 3363 786 3425; x_wconf 81' lang='lat' dir='ltr'>graves</span> <span class='ocrx_word' id='word_1_237' title='bbox 807 3341 981 3418; x_wconf 85' lang='lat' dir='ltr'>imitantur,</span> <span class='ocrx_word' id='word_1_238' title='bbox 1003 3341 1041 3401; x_wconf 90' lang='lat' dir='ltr'>ab</span> <span class='ocrx_word' id='word_1_239' title='bbox 1065 3341 1165 3401; x_wconf 86' lang='lat' dir='ltr'>altera</span> 
     </span>
     <span class='ocr_line' id='line_1_28' title="bbox 7 3439 1165 3530; baseline -0.006 -28"><span class='ocrx_word' id='word_1_240' title='bbox 7 3519 8 3530; x_wconf 13' lang='grc' dir='ltr'><em>ρ</em></span> <span class='ocrx_word' id='word_1_241' title='bbox 81 3444 127 3525; x_wconf 89' lang='lat' dir='ltr'>qui</span> <span class='ocrx_word' id='word_1_242' title='bbox 147 3441 384 3525; x_wconf 81' lang='lat' dir='ltr'>Aristophanes:</span> <span class='ocrx_word' id='word_1_243' title='bbox 415 3454 537 3525; x_wconf 83' lang='lat' dir='ltr'>agentes</span> <span class='ocrx_word' id='word_1_244' title='bbox 559 3443 642 3504; x_wconf 90' lang='lat' dir='ltr'>euim</span> <span class='ocrx_word' id='word_1_245' title='bbox 674 3451 706 3504; x_wconf 84' lang='lat' dir='ltr'>et</span> <span class='ocrx_word' id='word_1_246' title='bbox 729 3448 895 3524; x_wconf 86' lang='lat' dir='ltr'>operantes</span> <span class='ocrx_word' id='word_1_247' title='bbox 924 3441 1016 3501; x_wconf 85' lang='lat' dir='ltr'>ambo</span> <span class='ocrx_word' id='word_1_248' title='bbox 1038 3439 1165 3499; x_wconf 79' lang='lat' dir='ltr'>imitan-</span> 
     </span>
     <span class='ocr_line' id='line_1_29' title="bbox 7 3536 1165 3624; baseline -0.003 -22"><span class='ocrx_word' id='word_1_249' title='bbox 7 3553 9 3588; x_wconf 66' lang='lat' dir='ltr'>t</span> <span class='ocrx_word' id='word_1_250' title='bbox 80 3552 137 3603; x_wconf 87' lang='lat' dir='ltr'>tur.</span> <span class='ocrx_word' id='word_1_251' title='bbox 181 3543 277 3624; x_wconf 80' lang='lat' dir='ltr'>[rande</span> <span class='ocrx_word' id='word_1_252' title='bbox 298 3543 391 3604; x_wconf 86' lang='lat' dir='ltr'>etiam</span> <span class='ocrx_word' id='word_1_253' title='bbox 403 3536 550 3620; x_wconf 88' lang='grc' dir='ltr'><em>δράματα</em></span> <span class='ocrx_word' id='word_1_254' title='bbox 570 3542 720 3624; x_wconf 89' lang='lat' dir='ltr'>appellari</span> <span class='ocrx_word' id='word_1_255' title='bbox 742 3563 779 3602; x_wconf 89' lang='lat' dir='ltr'>ea</span> <span class='ocrx_word' id='word_1_256' title='bbox 800 3538 925 3623; x_wconf 89' lang='lat' dir='ltr'>quidam</span> <span class='ocrx_word' id='word_1_257' title='bbox 938 3540 1056 3617; x_wconf 88' lang='lat' dir='ltr'>dicunt,</span> <span class='ocrx_word' id='word_1_258' title='bbox 1078 3537 1165 3621; x_wconf 89' lang='lat' dir='ltr'>quod</span> 
     </span>
     <span class='ocr_line' id='line_1_30' title="bbox 80 3637 1165 3724; baseline -0.003 -23"><span class='ocrx_word' id='word_1_259' title='bbox 80 3642 235 3704; x_wconf 87' lang='lat' dir='ltr'>imitantur</span> <span class='ocrx_word' id='word_1_260' title='bbox 258 3641 406 3722; x_wconf 81' lang='grc' dir='ltr'><em>δρῶντας.</em></span> <span class='ocrx_word' id='word_1_261' title='bbox 431 3641 500 3702; x_wconf 92' lang='lat' dir='ltr'>ideo</span> <span class='ocrx_word' id='word_1_262' title='bbox 523 3643 617 3703; x_wconf 90' lang='lat' dir='ltr'>etiam</span> <span class='ocrx_word' id='word_1_263' title='bbox 631 3640 825 3724; x_wconf 81' lang='lat' dir='ltr'>tragoediam</span> <span class='ocrx_word' id='word_1_264' title='bbox 848 3649 880 3700; x_wconf 90' lang='lat' dir='ltr'>et</span> <span class='ocrx_word' id='word_1_265' title='bbox 900 3637 1091 3699; x_wconf 88' lang='lat' dir='ltr'>comoediam</span> <span class='ocrx_word' id='word_1_266' title='bbox 1106 3638 1165 3699; x_wconf 82' lang='lat' dir='ltr'>sibi</span> 
     </span>
     <span class='ocr_line' id='line_1_31' title="bbox 80 3739 1165 3824; baseline -0.003 -23"><span class='ocrx_word' id='word_1_267' title='bbox 80 3742 229 3805; x_wconf 82' lang='lat' dir='ltr'>vindicant</span> <span class='ocrx_word' id='word_1_268' title='bbox 244 3742 420 3819; x_wconf 87' lang='lat' dir='ltr'>Dorienses,</span> <span class='ocrx_word' id='word_1_269' title='bbox 439 3741 634 3803; x_wconf 84' lang='lat' dir='ltr'>comoediam</span> <span class='ocrx_word' id='word_1_270' title='bbox 657 3741 782 3824; x_wconf 89' lang='lat' dir='ltr'>quidem</span> <span class='ocrx_word' id='word_1_271' title='bbox 798 3742 999 3822; x_wconf 80' lang='lat' dir='ltr'>Megarenses,</span> <span class='ocrx_word' id='word_1_272' title='bbox 1019 3748 1087 3801; x_wconf 89' lang='lat' dir='ltr'>tum</span> <span class='ocrx_word' id='word_1_273' title='bbox 1109 3739 1165 3823; x_wconf 93' lang='lat' dir='ltr'>qui</span> 
     </span>
     <span class='ocr_line' id='line_1_32' title="bbox 80 3840 1165 3927; baseline -0.001 -25"><span class='ocrx_word' id='word_1_274' title='bbox 80 3840 134 3921; x_wconf 86' lang='lat' dir='ltr'>hie,</span> <span class='ocrx_word' id='word_1_275' title='bbox 155 3864 219 3927; x_wconf 92' lang='lat' dir='ltr'>qno</span> <span class='ocrx_word' id='word_1_276' title='bbox 241 3842 358 3903; x_wconf 81' lang='lat' dir='ltr'>scilicet</span> <span class='ocrx_word' id='word_1_277' title='bbox 379 3851 523 3922; x_wconf 88' lang='lat' dir='ltr'>tempore</span> <span class='ocrx_word' id='word_1_278' title='bbox 542 3842 699 3925; x_wconf 83' lang='lat' dir='ltr'>populare</span> <span class='ocrx_word' id='word_1_279' title='bbox 720 3841 887 3922; x_wconf 90' lang='lat' dir='ltr'>imperium</span> <span class='ocrx_word' id='word_1_280' title='bbox 908 3840 994 3922; x_wconf 88' lang='lat' dir='ltr'>apud</span> <span class='ocrx_word' id='word_1_281' title='bbox 1016 3860 1068 3902; x_wconf 93' lang='lat' dir='ltr'>eos</span> <span class='ocrx_word' id='word_1_282' title='bbox 1095 3840 1165 3901; x_wconf 86' lang='lat' dir='ltr'>sue-</span> 
     </span>
     <span class='ocr_line' id='line_1_33' title="bbox 82 3940 1164 4025; baseline -0.002 -24"><span class='ocrx_word' id='word_1_283' title='bbox 82 3942 135 4019; x_wconf 87' lang='lat' dir='ltr'>rit,</span> <span class='ocrx_word' id='word_1_284' title='bbox 161 3952 229 4003; x_wconf 91' lang='lat' dir='ltr'>tum</span> <span class='ocrx_word' id='word_1_285' title='bbox 253 3944 307 4025; x_wconf 88' lang='lat' dir='ltr'>qni</span> <span class='ocrx_word' id='word_1_286' title='bbox 328 3963 364 4002; x_wconf 86' lang='lat' dir='ltr'>er</span> <span class='ocrx_word' id='word_1_287' title='bbox 389 3942 492 4003; x_wconf 85' lang='lat' dir='ltr'>Sicilia</span> <span class='ocrx_word' id='word_1_288' title='bbox 522 3942 604 4019; x_wconf 90' lang='lat' dir='ltr'>(inde</span> <span class='ocrx_word' id='word_1_289' title='bbox 627 3942 723 4001; x_wconf 84' lang='lat' dir='ltr'>enirn</span> <span class='ocrx_word' id='word_1_290' title='bbox 737 3953 804 4003; x_wconf 90' lang='lat' dir='ltr'>erat</span> <span class='ocrx_word' id='word_1_291' title='bbox 823 3940 1028 4022; x_wconf 87' lang='lat' dir='ltr'>Epicharmus</span> <span class='ocrx_word' id='word_1_292' title='bbox 1049 3949 1164 4020; x_wconf 88' lang='lat' dir='ltr'>poeta,</span> 
     </span>
     <span class='ocr_line' id='line_1_34' title="bbox 82 4038 1226 4125; baseline -0.002 -25"><span class='ocrx_word' id='word_1_293' title='bbox 82 4043 170 4103; x_wconf 78' lang='lat' dir='ltr'>multo</span> <span class='ocrx_word' id='word_1_294' title='bbox 190 4045 284 4125; x_wconf 89' lang='lat' dir='ltr'>prior</span> <span class='ocrx_word' id='word_1_295' title='bbox 314 4041 456 4103; x_wconf 89' lang='lat' dir='ltr'>Chonide</span> <span class='ocrx_word' id='word_1_296' title='bbox 485 4050 516 4101; x_wconf 89' lang='lat' dir='ltr'>et</span> <span class='ocrx_word' id='word_1_297' title='bbox 535 4045 709 4124; x_wconf 81' lang='lat' dir='ltr'>Magnete),</span> <span class='ocrx_word' id='word_1_298' title='bbox 743 4048 775 4102; x_wconf 89' lang='lat' dir='ltr'>et</span> <span class='ocrx_word' id='word_1_299' title='bbox 802 4041 994 4122; x_wconf 80' lang='lat' dir='ltr'>tragoediam</span> <span class='ocrx_word' id='word_1_300' title='bbox 1024 4038 1164 4099; x_wconf 76' lang='lat' dir='ltr'>nonnulli</span> <span class='ocrx_word' id='word_1_301' title='bbox 1219 4107 1226 4122; x_wconf 88' lang='lat'><strong>.</strong></span> 
     </span>
     <span class='ocr_line' id='line_1_35' title="bbox 83 4140 1163 4229; baseline -0.002 -28"><span class='ocrx_word' id='word_1_302' title='bbox 83 4163 185 4204; x_wconf 90' lang='lat' dir='ltr'>eorum</span> <span class='ocrx_word' id='word_1_303' title='bbox 205 4144 261 4229; x_wconf 89' lang='lat' dir='ltr'>qui</span> <span class='ocrx_word' id='word_1_304' title='bbox 281 4144 312 4204; x_wconf 94' lang='lat' dir='ltr'>in</span> <span class='ocrx_word' id='word_1_305' title='bbox 331 4143 559 4225; x_wconf 88' lang='lat' dir='ltr'>Peloponneso,</span> <span class='ocrx_word' id='word_1_306' title='bbox 576 4165 612 4205; x_wconf 80' lang='lat' dir='ltr'>er</span> <span class='ocrx_word' id='word_1_307' title='bbox 634 4142 811 4204; x_wconf 86' lang='lat' dir='ltr'>nominibus</span> <span class='ocrx_word' id='word_1_308' title='bbox 833 4141 983 4202; x_wconf 90' lang='lat' dir='ltr'>indicium</span> <span class='ocrx_word' id='word_1_309' title='bbox 1003 4140 1163 4200; x_wconf 87' lang='lat' dir='ltr'>facientes.</span> 
     </span>
     <span class='ocr_line' id='line_1_36' title="bbox 83 4237 1165 4326; baseline -0.003 -25"><span class='ocrx_word' id='word_1_310' title='bbox 83 4238 112 4301; x_wconf 88' lang='lat' dir='ltr'>hi</span> <span class='ocrx_word' id='word_1_311' title='bbox 133 4244 213 4304; x_wconf 90' lang='lat' dir='ltr'>enim</span> <span class='ocrx_word' id='word_1_312' title='bbox 235 4237 343 4321; x_wconf 89' lang='grc' dir='ltr'><em>κώμας</em></span> <span class='ocrx_word' id='word_1_313' title='bbox 362 4264 458 4326; x_wconf 82' lang='lat' dir='ltr'>pagos</span> <span class='ocrx_word' id='word_1_314' title='bbox 493 4265 660 4304; x_wconf 78' lang='lat' dir='ltr'>sevocare</span> <span class='ocrx_word' id='word_1_315' title='bbox 682 4242 811 4319; x_wconf 85' lang='lat' dir='ltr'>dicunt,</span> <span class='ocrx_word' id='word_1_316' title='bbox 840 4241 1037 4303; x_wconf 74' lang='lat' dir='ltr'>Athenienses</span> <span class='ocrx_word' id='word_1_317' title='bbox 1060 4250 1165 4300; x_wconf 88' lang='lat' dir='ltr'>autem</span> 
     </span>
     <span class='ocr_line' id='line_1_37' title="bbox 85 4331 1165 4427; baseline -0.001 -27"><span class='ocrx_word' id='word_1_318' title='bbox 85 4331 210 4423; x_wconf 71' lang='grc' dir='ltr'><em>δὴμσσςς</em></span> <span class='ocrx_word' id='word_1_319' title='bbox 240 4344 359 4427; x_wconf 90' lang='lat' dir='ltr'>quippe</span> <span class='ocrx_word' id='word_1_320' title='bbox 387 4344 556 4405; x_wconf 87' lang='lat' dir='ltr'>comoedos</span> <span class='ocrx_word' id='word_1_321' title='bbox 585 4364 689 4405; x_wconf 90' lang='lat' dir='ltr'>nona</span> <span class='ocrx_word' id='word_1_322' title='bbox 720 4334 878 4420; x_wconf 83' lang='grc' dir='ltr'><em>κωμάζειν</em></span> <span class='ocrx_word' id='word_1_323' title='bbox 898 4340 997 4404; x_wconf 85' lang='lat' dir='ltr'>dictos</span> <span class='ocrx_word' id='word_1_324' title='bbox 1020 4361 1093 4418; x_wconf 87' lang='lat' dir='ltr'>esse,</span> <span class='ocrx_word' id='word_1_325' title='bbox 1111 4338 1165 4401; x_wconf 90' lang='lat' dir='ltr'>sed</span> 
     </span>
    </p>
   </div>
   <div class='ocr_carea' id='block_1_7' title="bbox 0 0 1455 4917">
    <p class='ocr_par' dir='ltr' id='par_1_7' title="bbox 0 0 1455 4917">
     <span class='ocr_line' id='line_1_38' title="bbox 0 0 1455 4917; baseline 0 0"><span class='ocrx_word' id='word_1_326' title='bbox 0 0 1455 4917; x_wconf 95' lang='lat' dir='ltr'> </span> 
     </span>
    </p>
   </div>
  </div>
 </body>
</html>
