2892 4917
343 313 386 377 1u
406 308 610 378 munero
632 313 720 379 clu.
742 319 793 378 1o.
819 311 955 397 §.a-5.
1148 327 1216 390 1os

98 499 305 581 Euripideae
325 487 511 580 (rba-792)
531 499 693 562 fabulosae
714 497 866 564 historiae
885 495 943 584 (τῷ
962 498 1073 589 μύθῳ)
1094 506 1211 587 tribuit,

99 608 165 671 sed
192 609 252 671 illa
274 623 352 689 quae
375 608 500 669 Orestes
520 626 551 671 v.
562 612 725 671 811-826.
749 609 910 690 expromit,
933 610 974 674 ab
993 609 1143 694 Euripide
1164 615 1211 678 iu-

100 721 211 779 venta
245 734 312 778 esse
339 699 434 778 dicit:
457 715 568 799 quippe
601 716 640 777 de
663 699 797 797 epistola
814 717 871 781 illa
893 718 985 782 etiam
1006 719 1130 784 aliunde
1150 723 1210 786 ali·

102 825 189 907 quid
211 823 418 901 inaudiverat,
441 825 495 886 sed
517 839 597 907 quae
618 826 743 888 Orestes
769 826 839 888 dum
858 845 894 888 se
913 828 1017 892 sorori
1037 848 1211 912 agnoscen-

101 933 187 995 dum
207 932 338 1014 praebet
358 934 496 1014 profert,
530 952 567 997 ea
593 935 677 1015 apud
707 945 799 996 unum
830 933 1008 1017 Euripidem
1039 937 1210 1003 invenerat.

105 1041 172 1103 sed
198 1042 273 1123 quid
295 1042 419 1104 mudena
438 1042 469 1103 in
485 1041 644 1122 agnitione
664 1041 832 1124 Sophoclia
846 1041 910 1107 illa
931 1044 1213 1126 reprehendendum

99 1150 149 1212 sit
170 1153 329 1231 tamquam
350 1138 491 1231 ἄτεχνον,
515 1149 570 1214 alii
592 1150 745 1217 viderint:
769 1165 829 1235 ego
849 1147 925 1214 illud
947 1153 1086 1217 technico
1105 1155 1210 1218 diceu-

102 1258 187 1321 dum
209 1257 367 1340 relinquo,
389 1277 477 1342 quem
507 1249 548 1323 ad
565 1253 790 1324 'dmicaoonen
812 1279 910 1324 meam
930 1261 975 1324 sic
994 1264 1060 1325 fere
1082 1277 1211 1345 respou-

103 1353 239 1430 tlentem
258 1367 348 1430 audio
371 1360 521 1447 ἔστιγὰρ
546 1367 749 1449 πεποιημένη,
777 1357 826 1429 oct
849 1357 988 1447 ἄτεχνος.

198 1474 228 1556 §.
252 1478 283 1540 5.
324 1471 444 1556 τρίτη
480 1470 655 1556 dividui
679 1470 868 1558 μνήμης,
898 1475 1210 1561 τῴαίσθὲσθαι

104 1604 148 1646 τι
174 1582 349 1649 ἰδόντας
370 1585 464 1649 tertia
494 1591 543 1648 est
564 1585 683 1667 agnitio
714 1604 792 1670 quae
813 1587 849 1649 fit
869 1605 926 1669 per
948 1587 1208 1668 recordationem,

103 1713 181 1756 cum
205 1693 273 1776 quis
302 1693 475 1775 adspiciens
506 1694 558 1756 vel
582 1691 711 1757 audiens
732 1691 848 1778 aliquid
867 1696 969 1758 animo
992 1702 1209 1775 commovetur,

104 1819 219 1886 eoque
240 1803 313 1886 puris
332 1805 380 1866 sit
400 1799 441 1866 ab
462 1799 542 1867 otoo
555 1805 755 1886 denoscetur.
797 1803 857 1867 boc
876 1810 1060 1885 postremum
1082 1823 1102 1867 a
1122 1805 1209 1867 uobis
1262 1817 1267 1826 ·

106 1928 152 1975 ex
175 1910 322 1973 subiectis
353 1908 500 1992 exemplis
527 1917 677 1995 sumptum
708 1910 843 1992 scriptor
873 1911 988 1975 addere
1009 1907 1132 1975 oblitus'
1143 1918 1209 1977 est:

108 2020 231 2101 quippe
264 2018 353 2081 homo
386 2020 556 2082 menuctus
595 2019 701 2082 statim
735 2019 775 2083 ad
809 2017 950 2101 exempla
979 2019 1134 2083 discurrit
1167 2053 1208 2068 —-

105 2116 257 2205 ὥσπερ
280 2122 300 2205 ἦ
321 2123 362 2185 ἐν
384 2122 601 2206 Κυπρίοις
628 2132 713 2197 τοῖς
736 2127 1064 2205 Δικαιογένουςτ
1086 2124 1212 2212 Cypria
1275 2126 1302 2226 s
1383 2196 1386 2204 ,

104 2233 318 2317 Dicaeogenis
328 2231 519 2316 tragoediam
533 2235 628 2296 fuisse
643 2240 674 2295 et
683 2233 905 2317 liicaeogenem
918 2237 1072 2317 tragicum
1084 2233 1210 2299 aliunde

104 2357 176 2407 uon
198 2345 353 2425 cognitum
366 2341 550 2423 existimant,
573 2344 627 2405 sed
644 2345 710 2425 quis
723 2343 917 2425 tragoediam
931 2361 967 2406 eo
988 2343 1110 2406 nornine
1132 2363 1208 2407 eon-

108 2449 298 2535 signaverit,
320 2470 380 2535 quo
394 2449 583 2514 notissimum
596 2453 677 2532 apud
688 2447 826 2514 Graecos
841 2469 963 2514 carmen
985 2451 1102 2532 epicum
1120 2449 1208 2529 cyclo

106 2557 170 2624 lllo
193 2560 459 2641 comprehensum,
481 2565 512 2621 et
531 2557 648 2641 insigni
670 2575 773 2622 rerum
792 2557 908 2622 ambitu
922 2608 931 2639 ,
947 2565 1089 2621 vocatum
1111 2557 1207 2622 nosse

105 2670 263 2732 constatt
304 2667 363 2730 boe
383 2668 482 2730 miuus
503 2667 594 2730 etlam
614 2667 775 2749 probabile
795 2666 884 2730 nobis
905 2653 1067 2747 videbitur,
1088 2666 1140 2731 obi
1160 2668 1209 2730 ri⁴

105 2773 245 2840 demum
277 2775 420 2840 contnuo
451 2777 524 2839 item
547 2791 587 2839 ex
609 2775 694 2856 spico
715 2783 856 2856 poemate
879 2777 1011 2838 alterum
1034 2777 1206 2856 exemplum

107 2886 258 2968 proferri.
310 2881 515 2966 interpolator
541 2879 637 2968 igitur
666 2883 797 2947 alterum
826 2883 978 2965 quoddam
1002 2897 1124 2947 cannen
1142 2880 1207 2961 (ly-

106 2995 211 3077 prium
232 2991 321 3056 nobis
341 2990 422 3056 baud
437 2985 593 3075 cognitum
616 2989 738 3055 videtur
757 2992 941 3073 respexisse.
964 2992 1008 3054 sie
1027 2999 1097 3073 post
1121 2987 1207 3055 uae.

107 3102 212 3167 boida
233 3094 292 3180 τήν
320 3094 471 3179 κυκλικὴν
499 3119 612 3164 novam
630 3099 705 3163 feeit
723 3097 922 3165 Antimachus
948 3082 1087 3166 Platonis
1109 3115 1203 3180 aevo,

107 3212 155 3274 sic
169 3212 292 3275 Telesis
306 3207 538 3287 Methymnaeus
557 3216 630 3292 post
649 3207 807 3292 antiquam
826 3208 913 3273 illam
934 3208 1000 3270 sive
1018 3206 1203 3286 litabamu-

105 3317 218 3382 cbtom
238 3319 309 3381 eice
328 3313 630 3399 Gipoatomoebiom
649 3299 894 3396 novancuria,
914 3316 943 3379 si
964 3312 1096 3380 tudelae
1117 3309 1203 3380 llor-

104 3430 228 3510 eionue
248 3425 383 3510 vestigia
410 3432 494 3489 reete
514 3431 635 3489 secutus
657 3430 688 3487 et
710 3417 931 3506 interpretatus
951 3431 999 3488 est
1021 3423 1203 3488 Welckerus

106 3533 140 3599 lu
163 3529 267 3618 Cyclo
289 3533 384 3617 epiro
406 3547 436 3616 p.
457 3529 580 3597 32-37.
603 3568 643 3581 --
674 3526 753 3593 idaia
772 3526 835 3611 γάρ
863 3524 921 3612 τὴν
939 3524 1068 3613 γραφήν
1089 3524 1203 3592 ἔκλαυ-

104 3661 184 3708 σενε
219 3644 252 3707 iu
275 3639 412 3727 Cypriis
438 3640 641 3724 Dicaeogeais
674 3639 788 3726 aliquis
815 3621 988 3720 (bienelaus
1010 3646 1046 3702 ut
1064 3621 1201 3722 videtur)

106 3749 245 3815 tabulam
267 3750 380 3832 pictam
405 3748 578 3832 adspiciens
610 3747 834 3812 collacrimavit
869 3754 901 3811 et
927 3748 973 3811 sic
1001 3747 1113 3811 ceteris
1133 3748 1202 3831 quis

106 3863 190 3920 esset
212 3859 355 3940 prodidit.
398 3857 454 3922 sed
475 3869 586 3921 musus'
607 3856 678 3920 vide
705 3856 936 3939 gramaticus
954 3856 1150 3939 negligenter
1170 3860 1202 3917 et

104 3967 235 4029 obscure
261 3967 443 4049 loquentem.
494 3966 563 4049 quis
594 3966 636 4029 sit
663 3965 717 4028 ille
740 3960 817 4025 tosto
843 3965 960 4043 reticet,
980 3961 1053 4029 item
1075 3961 1200 4027 silentio

103 4061 231 4157 premit.
246 4081 278 4137 et
299 4075 352 4139 obi
371 4075 516 4140 lacrimas
536 4076 591 4140 ille
611 4074 725 4138 fuderit
753 4079 784 4137 et
806 4074 858 4157 qui
880 4091 948 4137 aum
967 4072 1162 4156 agnoverint.

186 4177 257 4244 aui
287 4174 306 4263 ἧ
339 4180 380 4243 ἒν
411 4181 599 4245 Ἀλκίνου
631 4174 839 4267 ἅπαλόγῳι
866 4174 1011 4245 Ἀλκίνου
1043 4176 1200 4258 cotteym

102 4291 217 4357 Graeci
238 4293 396 4371 Odysseae
417 4293 515 4357 libros
535 4295 808 4372 a-12vocarm1t,
828 4290 899 4374 quia
914 4271 1014 4354 Ulixis
1033 4290 1195 4355 uenatio-
