2892 4917
251 304 275 364 8
511 355 516 362 ,
626 289 975 358 ΑΡΙΣΤΟΤΕΛΟΤΣ
1015 311 1025 328 ·
1076 313 1079 322 ·

249 477 290 543 'ed
326 473 485 540 σπουδαῖα
511 469 649 552 μάλιστα
676 469 809 557 ποιητὴς
830 465 969 556 Ὅμηρος
993 462 1034 555 ἤν
1058 471 1169 556 (μόνος
1199 469 1263 558 γιὶρ
1284 468 1346 558 οὔχ

249 588 302 657 ὅτι
322 582 376 674 cd,
403 592 473 653 ἀλλ’
497 581 547 650 ὅτι
571 590 628 652 καί
650 585 800 672 μιμήσεις
827 583 1024 673 δραματικοὶς
1054 587 1233 676 ἐποίησεν),
1265 586 1346 654 οὕτω

250 705 307 772 καί
326 704 366 770 τὰ
391 708 451 791 τῆς·
470 704 637 790 κωμῳδίας
659 691 809 812 σχήματα
840 705 963 789 πρῶτος
983 700 1163 782 ὑπέδειξεν,
1187 703 1226 767 od
1245 704 1348 789 ψόγον

252 820 334 888 ἀλλὰ
361 820 398 886 τὸ
429 826 549 905 γελοῖον
570 819 869 903 δραματοποιήσας·
918 817 936 883 o‘
955 819 1018 902 γὰρ
1041 821 1213 904 Μαργίτης
1232 817 1348 884 docitu-

251 963 307 1023 γον
328 935 416 1021 ἔχει,
444 929 550 1020 οἵσπερ
581 932 679 1011 Ἰλιὰς
701 932 759 998 καί
773 930 944 1000 'octonas
972 930 1053 1019 πρὸς
1071 932 1131 1009 τὰς
1149 937 1375 1023 spumidum

209 1051 337 1122 roodsoo
357 1055 413 1118 καί
436 1043 530 1126 οὗτος
558 1049 638 1136 πρὸς
657 1047 716 1127 τὰς
737 1051 917 1137 κωμῳδίας.
969 1051 1212 1137 παραφανείσης
1233 1053 1271 1115 δὲ
1291 1053 1349 1135 τῆς

252 1515 288 1584 sd
309 1521 410 1610 μείζω
431 1518 488 1582 καί
510 1515 697 1600 ἐντιμότερα
715 1511 756 1580 sai
778 1510 930 1598 σχήματα
951 1509 1032 1579 εἶναι
1051 1518 1153 1581 ταῦτα
1172 1518 1311 1584 ἔτεινον.
1362 1546 1395 1586 ro

209 1660 243 1705 rr
297 1621 299 1628 ,
342 1633 385 1701 Τό
407 1635 466 1717 μὲν
487 1624 545 1698 οὖν
567 1633 745 1698 ἐπισκοπεῖν
764 1633 795 1697 εἰ
812 1624 865 1715 ἄρ’
894 1629 962 1715 ἔχει
982 1625 1045 1716 ἤδη
1064 1630 1084 1717 ἦ
1104 1634 1266 1721 τραγῳδία
1284 1640 1352 1710 τοῖς

254 1752 372 1816 εἴδεσιν
392 1745 545 1834 inueniri*
565 1741 606 1813 οὕ
616 1797 627 1832 ,
648 1746 728 1814 αὐτό
746 1772 781 1813 τε
793 1750 867 1813 καθ’
891 1743 972 1813 oded
992 1744 1174 1832 κρινόμενον
1196 1752 1252 1814 καί
1270 1748 1353 1834 πρὸς

212 1865 295 1949 sosoi
318 1872 453 1952 θέατρα,
471 1857 566 1940 ἄλλος
586 1859 686 1948 λόγος.
727 1866 878 1948 γινομένη
910 1865 939 1927 δ’
968 1857 1027 1930 οὖν
1050 1863 1105 1928 ἀπ’
1125 1863 1231 1951 ἀρχῆς
1253 1865 1354 1930 αὖτο-

327 1998 353 2053 4.
372 1998 388 2056 ὁ
405 2000 505 2054 Aldus:
527 2000 637 2056 A⁰B⁶N⁸
653 1992 694 2054 τὸ.
715 1985 750 2051 de
768 2000 865 2052 ceteris
884 1999 1022 2051 codicibus
1041 2007 1155 2052 tacetur.
1260 2001 1308 2079 ¹11.
1327 2002 1356 2054 ei

329 2095 375 2169 ἄρ’
394 2098 463 2167 ἔχει]
487 2099 606 2169 παρέχει
623 2095 735 2181 ᾼοΒνΝι
760 2102 790 2149 et
805 2096 836 2147 Μ
855 2112 947 2149 omnes
974 2104 1003 2149 et
1020 2087 1153 2168 GLPQ,
1176 2098 1203 2149 el
1219 2094 1278 2166 ἄρα
1296 2099 1355 2167 ἔχει
1382 2130 1386 2136 =

327 2192 414 2246 Aldus
432 2200 461 2246 et
478 2195 562 2245 ceteri
580 2191 707 2244 editores.
744 2201 871 2262 corrupta
887 2194 1018 2262 scriptura
1037 2209 1071 2244 ex
1082 2195 1275 2247 EIAPEXEI
1291 2210 1354 2262 per·

329 2306 422 2359 peram
442 2291 587 2341 coniuncto
609 2296 637 2341 et
650 2292 695 2342 EI
708 2292 805 2359 proH
822 2287 916 2367 habito
938 2295 1002 2338 nata
1021 2295 1071 2340 est.
1156 2289 1199 2342 12.
1218 2286 1355 2362 κρινόμε-

329 2403 383 2442 νον
398 2383 497 2438 Aldus:
515 2383 624 2437 codices
647 2388 772 2457 κρίνεται
796 2381 814 2451 ἢ
833 2385 883 2440 ναὶ
906 2391 954 2435 aut
970 2387 1095 2453 κρίνεται
1111 2376 1178 2449 ἦναι
1195 2391 1243 2436 aut
1259 2388 1356 2454 κρίνε-

327 2501 376 2536 ται
396 2481 477 2537 εἶναι.
497 2480 552 2533 vid.
581 2480 766 2533 Commeat
861 2478 903 2531 13.
922 2483 1076 2553 γενομένης
1093 2474 1145 2534 οὖν
1165 2487 1194 2532 et
1213 2478 1354 2549 αὐτοσχε-

263 2573 270 2583 *
329 2576 472 2643 διαστικῆς
491 2576 601 2627 ΑοΒῦΝο
619 2593 680 2628 cum
698 2576 851 2645 plerisque,
879 2580 1018 2648 γενομένη
1042 2570 1095 2631 οὖν
1111 2584 1140 2629 ct
1169 2575 1354 2646 αὗτασχεδια·

331 2666 409 2739 oscas)
428 2672 458 2723 M
474 2670 508 2724 16
536 2669 604 2742 etQ
625 2677 654 2723 et
676 2670 804 2722 nonnulli
830 2687 864 2722 ex
888 2671 1002 2723 Victorii
1022 2671 1171 2723 codicibus.
1215 2674 1354 2744 γενομένη

330 2767 355 2818 d'
373 2784 389 2818 a
405 2765 528 2819 Bekkero
547 2767 654 2837 accepi:
672 2767 783 2819 numid
802 2775 830 2819 et
849 2769 1000 2819 sententiae
1019 2776 1112 2837 aptum
1129 2776 1171 2820 est
1186 2777 1355 2821 structurae-

329 2880 384 2933 que
400 2863 555 2926 verborum,
575 2861 756 2934 ecquomodo
774 2863 839 2915 inde
857 2866 1009 2936 γενομένης
1031 2872 1154 2916 oreretur
1169 2864 1268 2935 liquet.

258 3003 373 3063 borum
395 3008 510 3082 poetae
538 3000 731 3061 exstiterunt.
779 3000 832 3062 sed
859 3001 1124 3083 quemadmodum
1151 3000 1184 3063 in
1207 3001 1353 3084 gravibus

260 3102 449 3183 argumentis
469 3123 546 3183 prae
568 3086 677 3162 ceteris
697 3109 792 3181 poeta
814 3102 875 3161 fuit
888 3103 1041 3162 Homerus
1063 3105 1152 3177 (unus
1169 3123 1233 3163 non
1255 3100 1352 3162 modo

259 3201 345 3284 quod
367 3212 463 3290 rpcto,
483 3200 536 3263 sed
558 3202 643 3283 quod
667 3202 761 3262 etiam
781 3199 963 3263 dramaticus
984 3202 1059 3263 fecit
1078 3204 1288 3279 imitationes),
1307 3203 1353 3265 sio

258 3302 352 3364 etiarn
374 3303 554 3362 comoediae
576 3303 692 3361 formas
708 3301 826 3383 primus
847 3303 1100 3380 submonstravit,
1126 3326 1188 3364 nou
1211 3303 1353 3364 convicia

257 3401 311 3464 sed
336 3403 423 3486 quod
455 3402 624 3463 ridiculum
646 3400 817 3463 dramatico
837 3393 1030 3464 exhibendo:
1055 3421 1126 3463 nam
1155 3404 1303 3485 Margitcs
1320 3426 1353 3467 sc

257 3502 364 3579 babet,
385 3503 467 3563 sicut
487 3501 555 3563 Ilias
581 3510 613 3564 et
624 3501 761 3584 Odyssea
780 3500 820 3562 ad
842 3502 1028 3585 tragoedias,
1051 3501 1158 3563 eadem
1177 3502 1301 3563 ratione
1321 3513 1353 3566 et

258 3603 324 3684 ipse
344 3604 384 3664 ad
406 3601 592 3668 comoedias.
633 3622 705 3662 cum
727 3611 833 3663 autem
853 3602 1045 3683 apparuisset
1063 3602 1225 3685 tragoedia
1245 3611 1277 3664 et
1298 3625 1354 3664 co·

257 3700 397 3777 moedis,
423 3704 478 3785 qui
501 3702 540 3763 ad
560 3710 728 3785 utramque
756 3702 865 3783 poesin
887 3710 999 3763 natura
1019 3724 1074 3763 sua
1092 3704 1296 3780 ferebantur,
1319 3703 1352 3763 bi

257 3823 319 3885 pro
341 3801 450 3863 iambis
483 3802 674 3879 comoedias,
696 3801 742 3861 illi
763 3824 824 3883 pro
848 3803 943 3884 epicis
964 3803 1153 3864 carminibus
1175 3803 1352 3886 tragoedias

259 3903 374 3964 docere
396 3912 582 3983 coeperunt,
605 3902 693 3986 quod
715 3895 859 3964 celsiores
889 3925 983 3987 quam
1002 3903 1074 3966 illae
1094 3910 1189 3987 atque
1208 3903 1351 3964 honora.

257 4003 355 4063 tiores
378 4000 434 4061 bae
452 4002 568 4083 species
590 4011 692 4064 erant.

342 4102 504 4182 Dispiccre
528 4123 618 4191 vere,
640 4125 678 4162 an
701 4102 762 4163 iam
783 4102 913 4164 sufficiat
934 4103 1096 4187 tragoedia
1114 4103 1223 4165 formis
1245 4106 1351 4186 poeti.

260 4221 314 4260 cae
336 4222 393 4261 nec
414 4222 473 4279 nc,
505 4201 569 4263 sive
588 4202 649 4263 boc
684 4202 785 4283 ipsum
806 4224 865 4284 per
891 4225 924 4266 se
950 4213 1111 4284 spectatur
1141 4204 1205 4266 sive
1223 4204 1351 4267 theatris

260 4297 420 4381 adhibitis,
451 4302 528 4365 alius
562 4313 606 4365 est
628 4303 858 4388 disputationis.
909 4306 948 4369 ab
970 4305 1061 4369 initio
1081 4304 1182 4389 igitur
1203 4326 1276 4368 cum
1299 4328 1352 4370 ex.
