2892 4917
580 341 714 406 CAPUT
736 343 773 405 ΙΙ.
1159 363 1227 406 rrrx

139 538 178 601 de
213 538 310 603 verbo
343 556 522 622 expression
550 542 666 620 extorii,
695 548 727 604 et
750 543 915 626 praecipue
931 542 1163 610 mmmtarlrn
1184 542 1227 607 ad

138 670 356 735 illustrandum
375 672 488 736 lidron
508 671 716 738 diffieillinnm
747 693 769 737 a
789 692 837 738 ne
864 676 1071 759 conscriptis,
1093 695 1135 741 an
1157 677 1227 761 ipse

138 821 196 885 pro
219 823 256 866 se
276 805 370 887 loqui,
387 825 428 870 an
448 806 555 888 aequis
575 826 611 870 ac
631 807 832 889 prudentibus
852 809 978 895 arbitris
1000 810 1070 892 ipsa
1086 829 1122 873 se
1142 828 1227 875 eon-

134 935 284 1000 nendare
303 937 437 1020 possint,
459 939 530 1004 aliis
549 938 776 1030 decernendum!
798 939 948 1021 relinquo.
989 958 1070 1025 qnae
1088 947 1161 1010 aare
1178 959 1229 1006 ne

137 1068 194 1133 alii
215 1070 410 1134 commentati
431 1078 510 1149 sunt,
531 1072 613 1136 dona
632 1078 664 1134 et
681 1072 795 1154 gravia
814 1074 920 1138 notavi
942 1079 973 1137 et
994 1074 1103 1157 quibus
1122 1079 1229 1140 anoto-

138 1201 224 1266 rilrns
243 1200 280 1282 ⁶)
312 1203 481 1268 debeantur
500 1204 653 1296 indicari:
685 1221 807 1298 errores
828 1203 1029 1302 interpretum
1058 1212 1091 1270 et
1110 1225 1230 1292 pravas

138 1333 299 1417 opiniones
320 1336 443 1401 silentio
464 1338 635 1420 praeterire
656 1356 748 1422 qnam
770 1356 949 1402 enumerare
973 1339 1087 1421 malni,
1117 1341 1178 1406 nisi
1199 1340 1229 1405 si

137 1466 214 1532 haee
234 1470 317 1533 ratio
352 1469 547 1535 humanitatis
579 1473 704 1541 veritati
726 1474 849 1536 officere
869 1444 1048 1538 videretur.¹
1091 1472 1147 1537 sed
1168 1463 1229 1538 lroe

137 1609 191 1684 te,
212 1605 332 1683 laetor,
355 1605 541 1669 admonitum
562 1607 676 1687 velim,
697 1605 944 1670 dissertationem
964 1626 986 1670 a
1007 1607 1101 1672 Leon.
1123 1604 1227 1690 Spen-

135 1738 221 1820 gelio
236 1737 276 1801 de
295 1737 422 1803 Poetica
441 1738 617 1802 Aristotelis
647 1757 745 1820 nuper
777 1738 890 1802 editam
921 1744 992 1842 etta
1010 1738 1128 1804 diurnis
1146 1758 1228 1805 non-

136 1871 232 1935 nullis
250 1871 422 1936 nuntiatam
443 1873 547 1957 iniquo
569 1892 645 1937 casn
667 1871 840 1956 (Welclreri
858 1872 918 1937 riri
940 1872 1155 1956 madidissirni,
1175 1874 1228 1959 qni

136 2003 271 2088 benigne
296 2005 370 2069 mihi
400 2006 486 2070 illan
503 2012 668 2089 paraturus
697 1971 784 2088 erat,
804 2024 890 2089 spem
916 1970 1105 2089 bibliopolae
1125 2008 1228 2091 negli-

136 2139 244 2220 gentia
263 2140 391 2223 fefellit)
413 2160 495 2205 arne
515 2141 648 2205 nondum
669 2141 768 2205 marn
788 2159 867 2205 esse.
909 2140 1098 2205 scenicorum
1117 2146 1227 2223 poete-

135 2291 203 2337 rum
224 2274 414 2338 Graecorum
447 2275 533 2338 locos
567 2273 695 2339 laudavi
724 2292 766 2340 ex
797 2273 880 2338 (inil.
915 2271 1068 2338 llindordi
1094 2273 1229 2338 editione

136 2407 289 2489 lipsiensi
309 2427 339 2472 a.
361 2412 461 2487 1830,
491 2407 544 2472 ubi
573 2407 638 2473 alia
665 2425 728 2471 non
747 2406 885 2472 indicata
904 2413 970 2488 est,
989 2406 1166 2471 Aristotelis
1188 2427 1228 2474 ex

135 2544 316 2606 recensione
335 2543 532 2606 Beklreriana
553 2562 583 2607 a.
603 2548 696 2608 1831.
748 2540 853 2625 quiin
876 2540 954 2604 locis
973 2559 1014 2606 ex
1033 2541 1157 2607 Poetiea
1177 2560 1227 2605 re·

135 2678 210 2742 latis
231 2678 363 2760 capitum
379 2676 461 2740 notis
479 2676 607 2742 subiecti
627 2681 699 2740 sunt
721 2675 838 2740 numeri
860 2676 921 2753 (ex.
944 2691 994 2759 gr.
1013 2694 1041 2740 e.
1056 2679 1088 2754 8,
1101 2680 1133 2753 8)
1156 2694 1227 2759 seg·

134 2818 240 2876 menta
268 2810 400 2893 capitum
428 2829 514 2874 rneae
539 2810 683 2874 editionis
707 2810 864 2874 denotant.
907 2828 1031 2874 errores
1051 2809 1226 2892 typotheta-

134 2964 205 3010 runi
225 2964 265 3009 ne
282 2947 429 3008 lectorem
447 2943 608 3009 undarent
625 2944 691 3026 ipse
704 2942 860 3026 prospexi.
900 2943 990 3026 pansi
1012 2942 1064 3026 qni
1081 2949 1153 3027 post
1170 2961 1228 3007 no·

135 3078 279 3141 vissimas
309 3094 401 3140 ouras
422 3076 523 3140 relicti
542 3081 613 3140 sunt
635 3074 784 3158 impedire
803 3073 952 3137 neminem
971 3080 1117 3157 possint,
1138 3076 1227 3140 verbi

133 3181 230 3273 cansa
252 3231 286 3293 p.
311 3215 415 3289 10,11
444 3205 622 3287 roaywdae'oc
650 3225 708 3289 pro
730 3197 933 3289 τραγῳδίας,
965 3224 996 3287 p.
1017 3210 1060 3270 30
1090 3206 1123 3271 in
1143 3224 1226 3272 vers.

1 3412 2 3427 p
133 3344 205 3407 lat.
218 3339 490 3427 ssyternnestram
509 3361 567 3427 pro
579 3337 884 3425 Clytaemnestram,
907 3338 1123 3422 possibilem
1143 3336 1226 3406 eat

132 3480 231 3565 optat
251 3499 308 3563 pro
328 3476 530 3563 callippia,
564 3497 595 3560 p.
612 3480 675 3541 aa
692 3475 772 3541 mea.
794 3472 836 3539 ao
859 3472 970 3540 arram
1001 3475 1225 3539 mammosa

1 3574 2 3579 η
132 3633 193 3697 pro
217 3610 258 3677 ab
279 3611 389 3676 aliena
409 3612 676 3689 montmerlo,
698 3628 729 3690 p.
743 3612 802 3672 171
837 3600 928 3691 oldae
945 3624 1002 3690 pro
1022 3595 1122 3690 ᾄδειν.

237 3746 380 3813 Ceterum
404 3745 534 3809 nitorem
563 3743 643 3806 lunc
675 3739 929 3824 typographiam
952 3758 1011 3823 ego
1037 3745 1069 3802 et
1090 3740 1224 3838 lectores

131 3882 280 3947 debenus
301 3880 412 3963 partin
433 3876 636 3959 redemptoris
663 3874 764 3939 stadio
784 3872 959 3958 elegantiae
978 3873 1092 3957 partin
1114 3872 1224 3939 virtuti

169 4173 195 4242 *)
212 4172 290 4242 Quae
308 4187 331 4226 c.
350 4168 391 4232 13,
409 4168 434 4222 7.
451 4173 598 4219 memorata
619 4171 659 4217 est
677 4162 833 4215 coniectura
858 4159 981 4232 (erardo
998 4176 1048 4232 pro
1064 4156 1221 4233 θεάτρων),

234 4308 292 4344 earn
309 4309 325 4343 a
345 4290 436 4344 lindio
456 4290 632 4358 excogitatam
654 4301 711 4339 erse
730 4284 820 4337 dicere
839 4284 869 4344 in
881 4285 980 4339 Comae.
1001 4281 1101 4334 oblitus
1119 4296 1185 4333 suin.
