2892 4917
283 306 329 370 44
408 244 413 251 ·
655 295 1002 363 ΑΡΙΣΤΟΤΕΛΟΤΣ

281 477 342 540 τοῦ
359 472 418 559 τῆν
436 470 588 556 τοιαύτην
612 467 740 555 ἔχοντος
765 467 1030 557 ἅρχιιεντσνιιῆν,
1051 464 1118 538 οἷον
1137 469 1173 536 εί
1188 468 1295 554 ε’νεολῆ
1316 472 1372 535 καί

280 590 317 656 τί
333 588 413 676 eripi
440 592 497 655 καί
517 584 661 674 διῆγησις
689 591 746 654 καί
772 587 885 671 ἀπειλῆ
906 590 962 654 καί
981 584 1136 674 ἐρώτησις
1163 590 1219 653 καί
1242 583 1370 673 ἀπόκρι-

254 717 344 790 5σις,
364 710 421 773 καί
440 705 521 772 εἴτι
549 698 627 771 ἄλλο
644 709 795 771 τοιοῦτον.
836 704 925 788 παρὰ
947 705 1009 791 γὰρ
1031 704 1089 791 τῆν
1118 705 1237 771 τούτων
1257 709 1370 788 γνόσιν

281 816 303 908 ῆ
327 817 457 908 ἄγνοιαν
479 821 573 889 οὐδὲν
599 826 646 898 εἰς
665 820 723 906 τῆν
750 821 916 908 ποιητιιῆν
939 822 1113 906 ε’πιτίμημσ
1134 823 1290 907 φέρεται,
1310 814 1371 885 ὅτι

280 945 336 1006 καί
356 932 443 1020 ἄξιον
457 940 607 1026 σπουδῆς,
647 938 683 1005 τί
703 938 764 1023 γάρ
793 932 834 1005 ἅν
855 961 904 1014 τις
931 915 1089 1020 ὑπολάβοι
1111 936 1318 1023 ἡμαρτῆσθαι
1348 935 1390 1002 iit

280 1053 502 1141 Πρωταγόρας
521 1058 661 1143 ἐπιειμῆ,
681 1050 730 1121 ὅτι
751 1048 907 1138 εὔχεσθαι
927 1053 1068 1137 οἰόμενος
1088 1051 1248 1120 ἐπιπίπτει
1276 1052 1371 1119 εἰπών

275 1174 393 1258 “naim
421 1169 508 1239 ἄειδε
526 1169 630 1252 θεοί;”
656 1170 691 1239 τὸ
719 1171 782 1257 γὰρ
805 1175 969 1252 κελεῦσαι,
997 1171 1095 1257 φησί,
1116 1177 1218 1234 ποιεῖν
1236 1164 1305 1255 ειῆ
1326 1167 1368 1252 μῆ

285 1292 424 1371 ἑπίτοξίς
444 1292 540 1358 ἔστιν.
560 1287 610 1355 διὰ
634 1288 800 1374 παρείσθω
820 1288 865 1365 ὥς
885 1282 981 1373 ἄλλης
1000 1291 1057 1352 nni
1077 1287 1116 1350 οὔ
1136 1288 1193 1371 τῆς
1213 1286 1371 1370 ποιητικῆς

281 1402 320 1473 in
339 1404 505 1492 θεώρημα.

364 1523 448 1612 [Τῆς
476 1523 513 1586 tt
537 1522 649 1628 λέξεως
672 1520 799 1605 ἁπάσης
827 1518 901 1586 τίδ’
927 1519 997 1587 ἐστι’
1017 1519 1057 1585 ui
1081 1523 1176 1603 μέρη,
1200 1524 1426 1601 angelomi)

281 1638 445 1723 συλλαβή,
466 1634 657 1719 σύνδεσμος,
678 1630 794 1719 ὄνομα,
815 1637 924 1723 ῥῆμα,
950 1630 1092 1721 ἄρθρον,
1112 1636 1251 1712 πτῶσις,
1272 1632 1371 1716 λόγος.

254 1764 437 1838 σσιοιχεῖον
463 1758 524 1837 μὲν
552 1745 609 1818 οὖν
630 1757 697 1819 ε’στί
724 1755 814 1840 φωνῆ
848 1755 1043 1839 ἀδιαίρετος,
1065 1751 1104 1817 ου’
1125 1756 1215 1818 πᾶσα
1230 1752 1285 1833 δέ,
1306 1750 1371 1814 σ’λλ*

282 1875 318 1952 ἐξ
339 1863 376 1957 ῆς
403 1873 526 1957 πίφοιιε
551 1869 665 1954 σονετῆ
686 1876 831 1955 γίνεσθαι
854 1868 963 1957 φωνῆ·
1011 1866 1067 1934 καί
1084 1867 1147 1954 γ’σίρ
1167 1870 1231 1933 τῶν
1251 1866 1372 1952 θηρίων

253 1990 363 2060 δείσίν
384 1987 558 2071 ἀδιαίρετοι
586 1993 709 2074 φωναί,
736 1978 781 2053 ὧν
803 1986 957 2069 ου’δεμίσν
986 1989 1067 2069 λέγω
1088 1993 1255 2067 στοιχεῖον.
1297 1981 1370 2048 τοί-

279 2127 335 2191 εης
354 2107 392 2171 δὲ
422 2109 504 2190 με’ρῆ
535 2103 570 2171 τό
593 2093 627 2170 ia
655 2107 780 2190 φωνῆεν
810 2103 866 2170 καί
892 2102 926 2170 τὰ
958 2103 1122 2190 ῆμίφωνον
1152 2104 1208 2168 καί
1233 2094 1405 2186 ἄφωνονιύ

282 2218 352 2289 ἔστι
372 2222 410 2286 δὲ
430 2225 557 2308 φωνῆεν
577 2224 637 2303 μὲν
664 2212 742 2286 ἄνευ
773 2223 952 2304 προσβολῆς
973 2217 1047 2302 ἔχον
1067 2214 1178 2303 φωνῆν
1196 2211 1370 2300 (ι’κσοσιῆν,

282 2576 524 2638 architecturam
543 2576 714 2657 profitetur
722 2552 739 2652 ,’
765 2573 861 2636 veinti
884 2574 961 2659 quid
982 2576 1021 2637 sit
1044 2577 1225 2638 mandatnm
1245 2587 1278 2639 et
1301 2573 1373 2660 qnid

277 2676 423 2760 precatio
452 2684 485 2738 et
515 2676 672 2737 enarratio
699 2685 733 2737 et
765 2675 965 2738 comminatio
986 2684 1018 2737 et
1040 2676 1245 2760 interrogatio
1271 2684 1304 2739 et
1324 2697 1373 2738 re·

279 2775 420 2859 sponsio,
442 2786 474 2838 et
502 2775 526 2836 si
550 2775 627 2859 quid
656 2774 740 2838 aliud
767 2776 904 2839 eiusdem
933 2775 1064 2858 generis.
1105 2799 1179 2837 nam
1201 2798 1236 2838 ex
1258 2775 1372 2838 horum

281 2878 442 2940 intellectu
463 2886 517 2937 ant
540 2874 739 2958 ignoratione
760 2878 844 2938 nnita
867 2877 898 2938 in
921 2878 1079 2959 poeticam
1095 2876 1288 2959 vituperatio
1310 2899 1373 2937 ma·

281 2986 349 3054 nat,
370 2997 450 3059 quae
470 2976 596 3058 quidem
620 2997 737 3058 operae
757 2977 895 3058 pretium
915 2978 967 3038 sit.
1021 2974 1098 3059 quid
1118 2977 1201 3037 enim
1222 2985 1268 3037 est
1289 2973 1373 3060 quod

283 3077 352 3161 quis
365 3076 516 3138 existimet
528 3085 692 3158 peccatum
708 3077 817 3137 esseio
841 3078 877 3138 iis
901 3099 981 3160 quae
1004 3076 1208 3159 reprehendit
1218 3078 1373 3158 Protago-

282 3198 348 3253 ras,
379 3176 465 3258 quod
487 3176 610 3257 precari
642 3197 675 3238 se
708 3177 851 3258 opinatus
883 3176 1016 3259 imperet
1042 3177 1145 3240 dicens
1163 3173 1271 3239 “iram
1301 3196 1374 3239 cane

283 3276 340 3339 dea
349 3273 380 3335 ?'’
426 3276 536 3338 iubere
557 3277 648 3354 enim,
670 3277 790 3360 inquit,
812 3278 918 3339 facere
944 3277 1139 3361 aliquidaut
1161 3300 1226 3340 non
1247 3297 1374 3359 praeoe-

283 3377 352 3460 ptio
375 3386 428 3437 est
451 3397 548 3459 qnare
569 3377 713 3438 mittatur
726 3377 803 3439 haec
827 3378 920 3455 ratio,
941 3389 978 3441 ut
999 3400 1080 3462 quae
1100 3377 1141 3440 ad
1161 3378 1254 3439 aliam
1276 3388 1376 3441 artem

274 3490 316 3541 -et
338 3499 402 3538 non
424 3475 463 3537 ad
484 3476 640 3558 poeticam
656 3477 824 3559 pertineat.

366 3574 418 3639 20.
464 3577 586 3658 [Totins
616 3584 720 3639 autem
746 3577 896 3642 sermonis
919 3576 983 3640 hae'
997 3587 1071 3640 sunt
1090 3586 1213 3659 partes,
1243 3577 1408 3640 eiemen‘

284 3684 368 3750 tum,
388 3677 522 3759 syllaba,
554 3678 753 3756 convinctio,
789 3698 921 3754 nomen,
951 3678 1103 3750 verbum,
1135 3677 1302 3755 articulus,
1325 3698 1375 3738 ea-

282 3795 343 3851 ειιε,
365 3776 479 3836 oratio.
503 3775 687 3839 elementum
710 3787 756 3838 est
777 3799 837 3839 vox
862 3776 1010 3857 indivisa,
1034 3798 1097 3838 non
1121 3776 1248 3860 quidem
1267 3776 1375 3851 omnir,

284 3874 338 3936 sed
360 3895 395 3935 ex
417 3897 477 3956 qua
495 3885 600 3956 polest
619 3876 817 3959 intelligibilis
831 3877 899 3938 fleri
918 3898 992 3938 vox:
1016 3899 1087 3938 nam
1099 3877 1271 3938 bestiarum
1296 3899 1375 3962 qno»

285 3995 347 4058 que
367 3984 439 4034 sunt
472 3973 617 4036 indivisae
644 3999 755 4053 voees,
786 3999 919 4058 quarum
944 3977 1059 4040 nullam
1081 3976 1152 4037 dico
1175 3977 1374 4039 elementum.

284 4074 374 4136 huius
396 4084 498 4135 autom
521 4086 624 4155 partes
647 4087 719 4138 sunt
742 4077 849 4137 vocaie
870 4086 903 4137 et
922 4077 1106 4139 semivocaIe
1126 4085 1158 4139 et
1179 4087 1314 4138 mutum.
1336 4085 1376 4137 est

285 4185 388 4237 antem
409 4176 517 4236 vocate
539 4175 624 4258 quod
638 4179 703 4254 sine
724 4176 819 4238 aiiisn.
833 4198 944 4237 vocem
965 4177 1058 4239 habet
1076 4198 1157 4259 quae
1177 4174 1280 4238 audiri
1303 4184 1375 4259 pot-

285 4286 349 4352 est,
379 4286 415 4338 nt
434 4276 460 4337 A
479 4285 510 4338 et
538 4276 588 4352 0,
615 4255 800 4340 semivocale
831 4288 940 4340 antem
958 4278 1045 4362 quod
1066 4299 1137 4340 cnm
1158 4277 1244 4338 atiisn
1269 4296 1377 4340 vocem
