2892 4917
274 310 336 371 tta
658 306 985 373 commortalis

272 483 449 569 ἔχουσιν
475 478 579 571 ἦθος
595 488 676 550 τῶν
704 485 841 571 λόγων
860 487 901 552 ὗν
924 479 986 562 οἷς
1014 493 1090 570 coc,
1109 493 1141 551 et
1161 488 1239 551 mue
1258 489 1371 555 scribit
1443 461 1444 532 i

271 597 334 659 τῶν
353 592 455 675 λόγον
485 596 520 657 ἑν
541 585 587 670 οἷς
608 605 665 664 cet.
687 616 745 681 pro
772 596 836 660 τῶν
862 594 964 677 λόγων
984 588 1071 668 ὅσοις
1099 595 1173 677 μηδ’
1197 588 1280 666 ὅλως
1299 592 1370 658 iva·
1443 663 1444 684 ,

270 701 333 778 orl,
359 725 449 788 quam
468 706 660 770 insolentiam
680 708 713 770 in
734 708 847 771 Latina
868 706 1123 788 interpretatione
1142 706 1278 770 servavi.
1303 706 1368 770 ian
1443 689 1444 696 ἵ

269 814 394 877 tertimn
425 816 597 879 revolvitur
624 816 713 879 homo
741 799 1040 880 inconstantissimos
1070 814 1111 878 ad
1142 806 1317 893 διάνοιαν,
1336 821 1369 877 et

270 941 353 986 nunc
374 921 495 1004 quidem
516 923 580 985 eius
596 924 802 986 definitionem
814 923 928 1004 promit
938 921 1101 986 Aristoteli
1114 920 1368 1001 consentientem,

269 1029 325 1092 sed
346 1046 421 1092 suae
441 1028 531 1091 modo
553 1032 696 1112 prolatae
716 1035 948 1112 repugnantem.

353 1133 383 1216 §.
398 1140 448 1200 18.
490 1134 924 1216 catapano-ddocutv:
946 1136 1146 1200 haecomnia
1166 1138 1273 1202 inania
1294 1145 1369 1202 sont

265 1251 305 1307 «et
322 1245 426 1328 inepta
446 1252 478 1308 et
497 1245 686 1310 Aristoteliis
707 1247 789 1310 male
809 1247 1033 1310 convenientia.
1075 1244 1261 1308 Aristoteles
1285 1247 1369 1310 enim

267 1351 351 1425 λέξιν
379 1361 498 1435 partem
529 1354 711 1434 tragoediae
742 1354 918 1434 constituit,
949 1353 1123 1436 etquidem
1152 1360 1367 1435 campartem
1443 1377 1444 1380 ¹

252 1479 348 1544 ,puae
368 1462 504 1525 numeru
527 1462 646 1524 inclusa
664 1468 713 1523 est
741 1462 797 1524 sed
818 1468 910 1525 cantu
942 1470 974 1525 et
998 1460 1164 1524 saltatione
1186 1467 1292 1540 caret,
1316 1481 1367 1524 se-
1443 1443 1444 1466 i

267 1571 382 1650 names,
403 1570 495 1632 etiam
520 1575 717 1631 tetrametros
739 1576 770 1631 et
790 1574 977 1651 anapaestos
998 1568 1178 1651 plerosque,
1199 1569 1251 1633 hic
1270 1570 1365 1633 homo

267 1682 450 1743 orationem
474 1679 673 1742 elocutionem
695 1678 844 1762 intelligit
864 1685 896 1741 et
915 1677 1093 1759 paulopost
1111 1696 1174 1740 non
1193 1684 1279 1741 recte
1290 1678 1364 1741 Ari
1443 1711 1444 1730 ι

266 1787 388 1850 stotelis
409 1786 585 1849 definitione
607 1793 752 1867 percepta
763 1786 850 1850 addit
872 1782 955 1858 λῶξιν
971 1803 1039 1847 esse
1060 1778 1115 1860 τὴν
1135 1776 1189 1843 dui
1212 1782 1269 1863 τῆς
1294 1783 1367 1848 ὀνο-

265 1888 387 1971 μασίας
407 1884 583 1972 ἑρμηνείαν.
635 1894 754 1956 scilicet
771 1893 975 1975 interpolator
1001 1893 1138 1973 explicat
1166 1909 1257 1973 quarn
1279 1890 1366 1966 λέξιν

265 2002 362 2083 vulgo
396 2000 573 2083 intelligant
593 1999 746 2080 homines,
778 2000 962 2066 Aristoteles
990 2000 1095 2063 eodem
1128 1998 1250 2061 nornine
1280 2013 1365 2062 nove
1443 2021 1444 2082 j

265 2112 405 2170 deusest
426 2106 466 2169 ad
498 2106 720 2188 designandam
740 2105 921 2187 tragoediae
953 2112 1082 2187 partem.
1107 2140 1148 2152 -
1190 2099 1261 2167 ἐπὶ
1288 2106 1366 2169 τῶν

147 2276 152 2284 ,
265 2210 421 2293 λόγωνι
442 2217 477 2279 in
500 2212 704 2278 orationibus
726 2232 821 2295 prosa
843 2231 984 2276 sermone
1004 2213 1193 2295 conscriptis

347 2322 377 2405 §.
401 2329 451 2387 19.
493 2342 572 2406 quae
593 2343 614 2387 a
635 2322 664 2403 §.
690 2325 732 2385 15
752 2323 909 2404 usquead
932 2320 1013 2384 hunc
1034 2322 1135 2386 locum
1154 2320 1302 2403 tractavi,
1327 2341 1364 2387 ea

264 2449 328 2493 non
348 2448 417 2493 esse
428 2427 604 2492 Aristotelis
624 2429 657 2491 in
677 2434 834 2510 posterum
847 2446 951 2490 omnes
966 2427 1135 2491 credituros
1155 2449 1225 2493 esse
1245 2449 1365 2514 spero:

264 2538 320 2601 scd
343 2555 421 2619 qnae
441 2537 503 2600 iarn
535 2543 703 2618 sequuntur
722 2537 857 2604 fortasse
884 2536 1008 2599 delendi
1034 2544 1171 2618 possunt,
1190 2538 1220 2601 'si
1238 2538 1311 2620 quis
1331 2540 1363 2601 in
1443 2539 1444 2596 ἶ

264 2646 325 2707 tine
348 2642 377 2725 §.
402 2647 451 2706 lt
475 2644 572 2706 verita
593 2636 740 2719 δεύτερον
761 2639 797 2699 δὲ
818 2635 857 2702 roi
878 2630 943 2722 ἤθη
965 2662 985 2706 a
1004 2662 1053 2705 me
1065 2641 1226 2708 Aristoteli
1247 2647 1363 2711 relicta
1443 2689 1444 2696 ι

264 2752 356 2815 ctiam
379 2749 595 2833 interpolatori
625 2748 759 2828 tribuat,
779 2755 814 2812 ut
830 2749 900 2812 finis
926 2749 960 2831 .§.
983 2755 1034 2813 14.
1058 2757 1089 2812 et
1107 2753 1230 2817 initium
1251 2753 1282 2835 §.
1306 2761 1358 2819 19.
1443 2799 1444 2806 ,

263 2861 296 2923 in
317 2859 398 2921 lunc
422 2860 543 2921 modum
565 2861 784 2919 connectantur
804 2849 888 2935 α’ρχὴ
911 2855 971 2931 μὲν
988 2846 1045 2916 οὖν
1063 2856 1119 2918 καί
1135 2848 1203 2920 οἷον
1224 2857 1321 2943 ψυχὴ
1340 2856 1362 2921 ,ὅ

261 2967 366 3043 μῦθος
388 2965 443 3044 τῆς
463 2963 660 3047 τραγῳδίας·
702 2962 765 3024 τῶν
788 2961 823 3022 δὲ
839 2962 954 3023 λοιπῶν
965 2964 1054 3023 πέντε
1075 2960 1281 3043 ἤμελοποιία
1302 2969 1362 3048 μὲ-
1443 3045 1444 3058 ¹

263 3093 370 3152 γιστον
389 3072 452 3134 τῶν
466 3066 668 3151 ἡδυσμάτων.
712 3073 766 3134 sed
788 3070 865 3133 haec
888 3090 1006 3154 quoque
1027 3074 1165 3158 defensio
1188 3077 1362 3141 consistere
1443 3087 1444 3170 ζ

263 3183 378 3264 nequit.
400 3205 402 3208 ’
421 3199 492 3244 nam
517 3198 585 3241 cum
605 3178 722 3258 adhuc,
743 3197 784 3242 ex
802 3179 901 3241 medio
922 3181 1053 3245 sublatis
1079 3181 1144 3245 illis
1164 3181 1193 3262 §.
1212 3185 1361 3267 15-18.,

262 3290 302 3351 de
325 3289 441 3351 duobus
463 3288 517 3369 (de
539 3284 683 3350 moribus
703 3291 735 3348 et
754 3281 888 3366 sadda)
911 3286 1022 3350 dictum
1033 3295 1125 3369 esset,
1147 3308 1281 3373 pergere
1306 3296 1362 3357 de-
1443 3291 1444 3298 '

261 3396 328 3462 luit
351 3396 414 3457 τῶν
439 3392 475 3455 δὲ
503 3394 622 3455 λοιπῶν
647 3386 823 3473 τεττάρων,
844 3413 907 3456 non
927 3394 1025 3455 πέντε.
1067 3415 1166 3479 neque
1187 3400 1270 3462 ratio
1295 3408 1361 3483 est,
1443 3403 1444 3434 ³

262 3524 317 3568 cur
341 3499 484 3573 διάνοιαν
514 3508 545 3564 et
568 3501 651 3576 λέξιν
672 3502 796 3563 silentio
815 3501 998 3580 transmitti,
1031 3491 1106 3580 ὄψιν
1126 3513 1226 3568 autem
1250 3513 1283 3569 et
1303 3528 1360 3587 pc-
1443 3525 1444 3528 ¹

261 3612 406 3672 λοποιιόν
426 3629 534 3675 rursus
554 3609 717 3674 memorari
740 3610 844 3672 vellet.
893 3611 1042 3673 accedunt
1061 3612 1127 3676 alia
1151 3631 1230 3695 quae
1250 3618 1359 3680 statim
1443 3615 1444 3684 l

261 3720 439 3783 afferentur.

300 3903 312 3915 A
345 3824 422 3885 τῶν
450 3824 492 3887 δὲ
519 3825 680 3887 λοιπῶν
709 3824 857 3889 adora:
897 3828 1047 3908 quomodo
1075 3824 1212 3912 patariae
1248 3837 1358 3911 partes

261 3939 439 4016 supersunt,
468 3954 535 3997 cum
564 3942 635 4015 post
662 3940 806 4017 quattuor
835 3939 908 3996 ante
928 3941 1179 3999 commemoratas
1201 3935 1284 4000 duae
1302 3958 1357 4002 rc-

260 4049 351 4124 stent,
372 4041 537 4128 pctonou'o
557 4049 589 4104 et
610 4030 712 4121 ὅψιςλ
753 4042 868 4107 dixerit
889 4044 1016 4130 aliquis,
1039 4050 1194 4125 postremo
1216 4044 1358 4127 disputa-
1443 4049 1444 4118 ζ

259 4158 322 4215 trun
341 4171 408 4215 esse
422 4152 462 4213 de
483 4150 618 4213 dictione
636 4148 762 4232 (λέξει),
782 4169 872 4233 quam
893 4151 1061 4233 respiciens
1071 4151 1257 4217 Aristoteles
1276 4157 1357 4220 acri-

259 4262 358 4342 pserit
378 4259 440 4321 ιῶν
459 4256 494 4322 δὲ
512 4258 630 4321 λοιπῶν
652 4259 752 4319 πέντε.
803 4260 858 4323 sed
881 4258 958 4324 haec
978 4278 1061 4325 vana
1081 4267 1161 4327 sunt.
1192 4262 1250 4328 ¹sic
1271 4263 1355 4330 euim
