2892 4917
285 327 308 386 ρ
667 310 1015 376 ΑΡΙΣΤΟΤΕΛΟΥΣ
1033 337 1047 376 ι

290 498 402 578 μένοις
422 492 561 575 τίχναις,
583 483 708 553 ἅπασαι
729 491 790 571 μὲν
809 490 974 553 ποιοῦνται
990 486 1047 572 τὴν
1060 491 1195 572 μίμησιν
1214 488 1249 553 ἐν
1267 486 1386 577 ῥυθμῷ

257 595 260 602 ’
289 610 347 677 ναί
372 607 453 697 λόχιρ
481 611 537 671 καί
565 605 719 694 ἁρμονίᾳ,
738 607 861 680 τούτοις
891 606 921 667 d’
949 598 972 688 ἢ
990 603 1092 690 χωρίς
1120 598 1385 688 ἢμιμιγμὲνοις,

222 709 225 720 ’
289 705 354 795 οἷον
374 717 511 812 οἷρμοιίρι
531 726 591 806 μὲν
612 719 666 786 nol
686 717 803 810 ῥυθμῷ
823 717 989 804 χρώμεναι
1008 720 1105 804 μόνον
1133 714 1207 806 ἥτε
1231 720 1384 804 αὖλητιιιῆ

289 847 345 912 καί
373 839 393 927 ἦ
421 836 643 925 κιθαριστική,
671 832 731 903 κᾶν
763 837 797 903 εἴ
812 861 893 913 τινες
922 835 1031 921 ἕτεροι
1057 833 1259 919 τυγχάνωσιν
1287 829 1385 902 οὖσαι

261 962 434 1028 sanatam
462 956 519 1041 τὴν
542 953 679 1036 δύναμιν
687 1003 698 1038 ,
725 948 792 1019 οἷον
822 954 842 1037 ἡ
864 957 926 1030 τοῖς
947 955 1117 1037 συριχχων.
1173 954 1261 1041 αὐτῷ
1282 954 1318 1018 δὲ
1339 955 1405 1042 τῷὸ

289 1076 407 1163 ῥυθμῷ
435 1076 602 1156 μιμοῦνται
631 1073 734 1156 χωρίς
766 1069 935 1154 ἁρμονίας·
955 1068 984 1135 οἱ
1013 1072 1076 1135 τοῖν
1102 1068 1285 1155 ὀρχηστῶν·
1328 1070 1384 1134 καί

286 1190 347 1278 γὰρ
371 1181 460 1255 οὗτοι
485 1187 538 1254 διὰ
568 1190 632 1253 τῶν
655 1188 937 1272 σχηματιζομίνων
971 1186 1107 1271 ῥυθμοῖν
1134 1190 1308 1268 μιμοῦνται
1328 1184 1384 1252 καί

258 1302 351 1394 θῆθρ
372 1304 428 1371 καί
445 1303 534 1391 πάθη
554 1306 609 1370 καί
621 1304 761 1385 πράξεις.
804 1300 824 1387 ἦ
846 1306 882 1368 δὲ
903 1305 1051 1368 ἕποποιίο
1070 1298 1168 1385 μόνον
1188 1311 1255 1378 τοῖς
1275 1301 1382 1385 λόχοις

285 1428 393 1507 ψιλοῖς
423 1417 530 1507 ἢτοϊς
550 1423 695 1505 μέτροις,
719 1416 775 1484 καί
795 1417 918 1495 τούτοις
946 1415 1007 1483 εἴτε
1035 1423 1175 1502 μιγνῦσα
1193 1423 1262 1500 μετ’
1282 1415 1382 1503 oillei·

284 1545 363 1623 λων,
394 1538 455 1604 εἴθ’
486 1533 537 1601 ἑνί
552 1562 616 1601 τινι
635 1534 719 1618 γένει
746 1537 896 1620 χριομένη
922 1537 986 1601 τοῖν
1016 1537 1143 1617 μέτριον
1176 1533 1419 1617 τυχχὰνουσοιιο

257 1661 381 1744 ρμὲχρι
402 1657 461 1719 τοῦ
481 1657 550 1719 νῦν.
594 1646 688 1717 οῦδὲν
710 1648 773 1736 γὰρ
795 1647 836 1717 ἂν
854 1650 983 1736 ἔχοιμεν
1004 1650 1161 1732 ὀνομάσαι
1181 1649 1288 1714 ιιοινὸν
1307 1650 1381 1728 τούς

283 1770 455 1857 Σώφρονος
475 1772 540 1835 ’καί
558 1767 725 1853 Ξενάρχου
756 1772 875 1850 μίμους
903 1767 960 1834 καί
988 1768 1064 1845 τούς
1084 1763 1304 1851 Σωκρατικοὺς
1325 1765 1381 1831 λό-

258 1877 378 1972 χους,
408 1886 483 1952 οὐδὲ
514 1883 612 1961 εἴτις
637 1882 693 1950 διὰ
725 1888 899 1971 τριμέτρων
927 1879 951 1969 ἢ
978 1884 1121 1967 ἐλεγείων
1150 1874 1252 1966 ἢταῖν
1273 1874 1380 1946 ἄλλων

282 2007 379 2069 τιναῖν
406 2000 640 2068 τῶντοιούτων
665 1971 872 2085 ποιοῖτοοτὴν
893 2004 1043 2085 μίμησιν·
1092 1997 1175 2083 πλὴν
1197 1997 1226 2063 οὶ
1248 1993 1378 2080 ἅνθρω-

281 2122 387 2204 ποίχε
407 2115 615 2194 συνάπτοντες
631 2120 676 2207 τρῖ
693 2123 798 2205 μέτρῳ
819 2116 852 2184 τὸ
874 2126 976 2183 ποιεῖν
989 2114 1221 2199 ἐλεγειοποιούς
1243 2114 1322 2191 τούς
1342 2117 1377 2180 δὲ
1389 2132 1414 2184 ι5

281 2234 448 2314 ἕποποιούς
479 2230 709 2317 ὀνομάζουσιν,
742 2237 803 2319 οιίχ
824 2235 867 2310 οἷς
887 2232 962 2309 τούς
988 2231 1071 2297 κατὰ
1091 2231 1227 2317 μίμησιν
1248 2229 1378 2317 ποιητὰς
1403 2255 1405 2263 “

250 2348 360 2422 8“ιίλλοὶ
394 2352 484 2439 κοινῇ
513 2348 594 2415 κατὰ
616 2348 650 2416 τὸ
681 2351 799 2433 μέτρον
826 2344 1125 2433 προσαγορεύοντες.
1177 2344 1313 2431 καὶγὰρ
1336 2342 1378 2412 dv

278 2468 417 2554 ίατριιιόν
446 2464 467 2552 ἢ
493 2464 647 2549 μουσικόν
670 2489 702 2531 τι
735 2462 788 2530 διαὶ
816 2468 881 2531 τοῖν
912 2464 1040 2550 μέτριον
1068 2467 1262 2551 ἐκφέροισιν,
1295 2459 1377 2530 οὗτοι

349 2595 375 2647 5.
393 2594 522 2648 τοιαῦται
537 2593 637 2645 Aldus:
650 2587 782 2645 omittunt
789 2592 900 2646 Acssch
919 2590 1078 2646 etMedicei
1095 2608 1187 2645 omnes
1208 2599 1237 2644 et
1253 2591 1374 2664 GLPQ.

349 2680 710 2734 vid.Commentariur.

278 2802 347 2855 ctae
367 2793 486 2855 faciunt
519 2792 726 2855 imitationem
746 2814 878 2855 nurnero
900 2803 933 2855 et
964 2813 1108 2855 sermone
1135 2800 1169 2855 et
1196 2801 1376 2870 concentu,

280 2894 379 2976 iisque
399 2903 453 2955 aut
475 2893 600 2975 singulis
624 2902 679 2954 aut
701 2894 820 2971 mixtis,
849 2891 1111 2977 quemadmodum
1132 2915 1195 2953 uno
1217 2905 1376 2955 concentu

281 3014 477 3075 numeroque
500 3003 634 3054 utuntur
649 3004 681 3055 et
694 2995 827 3055 auletica
841 3003 874 3054 et
886 2993 1085 3069 citharistica,
1108 3002 1141 3054 et
1157 2993 1183 3053 si
1203 3014 1282 3075 quae
1302 3004 1376 3055 sunt

280 3094 358 3154 aliae
383 3093 518 3155 eiusdem
537 3093 717 3175 potestatis,
749 3102 785 3154 ut
806 3116 886 3177 quae
915 3094 1022 3155 fistulis
1044 3093 1136 3154 canit.
1179 3094 1247 3155 solo
1270 3102 1378 3154 autem

279 3213 411 3254 numero
436 3194 598 3254 imitantur
625 3195 691 3255 sine
719 3205 877 3255 concentu
898 3205 1001 3256 motus
1029 3194 1229 3255 saltatorum:
1258 3194 1378 3256 etenim

278 3293 312 3354 hi
335 3315 462 3377 quoque
476 3316 535 3375 per
556 3296 705 3376 figuratos
727 3316 873 3357 numeros
894 3296 1057 3356 imitantur
1072 3304 1105 3357 et
1126 3316 1228 3355 mores
1246 3303 1277 3355 et
1299 3316 1375 3376 per-

279 3395 475 3456 turbationes
499 3405 530 3457 'ct
554 3395 699 3457 actiones.
737 3397 890 3477 epopoeia
912 3418 987 3457 vero
1010 3397 1078 3458 unis
1100 3396 1293 3457 sermonibus
1315 3417 1375 3456 nu.

280 3495 326 3557 dis
351 3504 406 3556 aut
426 3496 544 3571 metris,
568 3505 663 3576 atque
681 3494 729 3556 his
744 3495 820 3556 dum
841 3517 877 3556 ea
897 3496 960 3558 sive
980 3497 1089 3558 miscet
1110 3496 1193 3557 inter
1212 3515 1286 3571 sese,
1308 3495 1375 3558 sire

279 3618 343 3657 uno
376 3596 481 3678 aliquo
509 3617 622 3678 genere
649 3605 826 3657 metrorum
853 3597 955 3658 utitur
976 3619 1074 3679 usque
1097 3596 1137 3657 ad
1158 3595 1220 3655 hoc
1240 3605 1375 3676 tempus.

278 3716 341 3755 non
361 3697 443 3756 enim
460 3684 618 3757 communi
632 3695 758 3758 nomine
778 3696 1046 3778 comprehendere
1058 3717 1215 3779 possemus
1227 3695 1375 3775 Sophro.

278 3794 326 3856 nis
347 3804 379 3856 et
393 3796 552 3857 Xenarchi
573 3797 683 3857 mimos
699 3805 731 3857 ct
742 3797 919 3858 Socraticos
941 3818 1108 3874 sermones,
1134 3815 1237 3878 neque
1255 3796 1280 3855 si
1302 3796 1375 3877 quis

276 3894 426 3955 trimetris
446 3896 496 3957 vel
518 3896 608 3978 elegis
631 3896 679 3958 vel
702 3897 767 3958 aliis
789 3896 974 3980 quibusdam
995 3896 1146 3958 eiusmodi
1166 3899 1284 3960 faceret
1301 3896 1376 3954 imi·

276 3995 442 4068 tationem
474 3987 532 4056 nisi
564 3997 651 4078 quod
678 3995 824 4059 homines
848 3999 1029 4080 copulantes
1052 4020 1125 4058 cum
1143 4008 1247 4058 metro
1267 3996 1374 4056 facere

277 4095 352 4156 alios
374 4095 591 4178 clegifices
612 4096 687 4159 alios
708 4099 886 4181 episices
919 4099 1099 4176 nominant,
1127 4112 1196 4157 non·
1221 4105 1285 4156 tam
1315 4096 1372 4178 qui

275 4195 442 4258 secundum
459 4196 664 4258 imitationem
684 4211 756 4261 sunt
773 4207 881 4282 poetas
905 4223 998 4283 quam
1019 4199 1228 4261 communiter
1258 4218 1372 4258 secun-

276 4296 351 4359 dum
371 4307 507 4361 metrum
538 4298 737 4382 appellantes.
781 4301 894 4363 etenim
917 4301 941 4365 si
963 4300 1118 4363 medicum
1140 4297 1299 4383 quoddam
1320 4296 1372 4357 vel
