2892 4917
226 314 320 355 xuvru
575 270 873 362 Pmidilosus

350 493 476 559 eundem
495 496 628 561 codicem
648 493 799 581 Burgesio
820 499 1008 564 recensionis
1026 461 1242 580 u-'l'yruiilto
1262 506 1320 569 in·

348 633 419 691 ctne
440 634 510 710 post
525 636 654 694 mortem
674 631 809 696 suanno
831 632 941 695 editori
962 631 1097 697 excussit
1117 635 1231 698 amicus
1251 636 1318 702 Pu-

349 760 497 826 rlsicnsis.
538 780 579 827 ex
600 763 711 826 ceteris
732 764 971 844 mouendum,
992 765 1072 828 unde
1091 766 1234 858 lectionis
1255 787 1320 832 vn-

347 894 489 959 rictutcn
509 894 549 960 ali
570 895 676 960 codem
693 896 792 961 emico
808 897 1078 980 excerptnmdeiit
1090 899 1258 984 Burgesius
1278 902 1317 967 in

346 1028 434 1091 culce
455 1027 598 1093 editionis
618 1028 856 1108 'l'yrwlrittnnoc
874 1049 906 1112 p.
922 1023 1077 1114 000261,
1098 1035 1220 1098 nonnisi
1242 1053 1319 1117 per-

346 1162 452 1244 paucis
475 1163 553 1227 locis
579 1163 744 1248 quidquam
769 1164 881 1229 uderre
901 1183 1015 1247 oqmne
1035 1168 1166 1249 pretinm
1186 1167 1318 1233 videbe-

254 1321 268 1342 ··
345 1301 406 1361 tur.
447 1296 559 1362 ibidem
580 1297 737 1362 nobiscum
764 1299 1022 1363 communicentur
1041 1291 1122 1365 libri
1135 1298 1319 1367 liciniensis

238 1469 242 1478 ·
345 1430 494 1494 lectiones
513 1450 535 1495 n
554 1429 706 1513 Burgesio
728 1449 769 1496 ex
792 1431 976 1514 apographo
990 1432 1119 1496 Doridis
1139 1433 1318 1498 Ruhnkenii

347 1564 530 1646 exscriptae.
572 1564 697 1647 signavi
716 1565 753 1629 1..
777 1572 898 1629 rcstuut
919 1561 1066 1630 Medicci
1086 1566 1206 1631 codices
1226 1575 1317 1651 qunt-

347 1709 433 1777 tuor,
455 1697 536 1792 uude
558 1696 727 1761 liundiniru
747 1663 925 1762 monendae
945 1700 977 1763 ln
993 1718 1081 1764 usum
1103 1701 1142 1796 Τ
1154 1700 1315 1764 winsten·

236 1853 238 1859 ’
344 1830 399 1894 leil
420 1832 525 1896 varias
543 1831 693 1896 lectiones
707 1831 855 1912 enotavit,
877 1831 1109 1896 uWinstsnieio
1130 1833 1163 1896 in
1180 1834 1316 1897 editione

348 1963 491 2028 Poeticae
513 1963 679 2029 oxoniensi
701 1969 837 2028 u178⁰
868 1965 1041 2048 evodgutus.
1083 1971 1156 2029 mint
1174 1966 1242 2032 iili:
1264 1986 1317 2029 co-

222 2097 308 2162 iiis
348 2098 410 2161 dcx
440 2095 513 2162 xiv
547 2098 645 2181 plutei
674 2102 716 2164 61
750 2097 798 2180 (Μ
816 2096 891 2178 14),
919 2099 1019 2162 codex
1040 2100 1113 2164 le
1147 2100 1243 2182 urcei
1272 2106 1317 2164 60

222 2231 393 2314 linvilll
403 2229 508 2312 XlV),
541 2231 642 2295 codex
660 2232 734 2296 xvi
762 2232 859 2315 plutei
879 2237 923 2294 60
950 2232 997 2313 (lii
1019 2231 1092 2313 16),
1120 2234 1219 2298 codex
1239 2236 1317 2298 XXl

76 2437 83 2450 ¹
222 2364 308 2428 liro
346 2365 443 2447 plutei
460 2370 503 2428 60
524 2365 572 2446 (Μ
586 2363 663 2446 21),
684 2383 789 2429 omnes
803 2364 837 2427 in
856 2363 967 2428 clonrtn
989 2366 1114 2428 saeculo
1134 2357 1175 2428 15
1195 2366 1313 2448 scripti.

223 2497 310 2563 uss
353 2500 434 2563 conf.
456 2496 600 2563 Bondinii
621 2498 788 2580 descriptio
819 2497 854 2560 in
874 2493 1091 2578 Praefationc
1109 2498 1317 2566 Winstnnleii.
1393 2557 1397 2566 ,

246 2642 248 2648 ·
347 2631 457 2697 horum
477 2631 625 2695 lilroncm
646 2636 738 2696 notos
760 2648 941 2715 quamquem
958 2632 1055 2696 minus
1075 2633 1251 2697 commodus
1270 2637 1321 2695 te-

348 2765 402 2829 nui
436 2783 513 2849 quus
533 2751 704 2831 Bondiuius
733 2770 767 2828 et
786 2745 1008 2830 Winstunleius
1036 2766 1197 2830 dederuut
1238 2785 1320 2836 nou·

319 2898 428 2963 'nulli
458 2917 499 2964 ex
521 2898 675 2964 codicibus
703 2898 804 2964 odino
832 2899 1018 2963 muneratis
1047 2905 1079 2962 et
1105 2901 1240 2963 fortusse
1261 2899 1322 2964 ulii

350 3016 508 3110 indefinite
538 3035 748 3096 memorentur
778 3019 1057 3096 incommenturiis
1077 3051 1098 3096 a
1118 3031 1231 3095 Fruuc.
1254 3032 1321 3095 llo-

349 3165 483 3228 lnortello
514 3165 558 3248 (o
580 3162 696 3245 1548),
720 3164 860 3229 vincent
882 3153 993 3229 'Medio
1023 3164 1068 3247 (u
1090 3155 1208 3247 1660),
1235 3163 1320 3230 Peir.

351 3297 490 3362 Victorio
522 3298 566 3381 (a.
583 3297 681 3380 1560)
713 3297 756 3363 od
773 3297 991 3364 illustrandam
1011 3297 1165 3364 Poeticam
1184 3299 1322 3364 conseri·

351 3433 423 3526 ptis‚
445 3433 485 3495 de
506 3432 616 3528 quilius
638 3432 805 3517 diligenter
825 3433 968 3515 exposuit
986 3416 1114 3497 Bullius
1132 3433 1166 3496 in
1183 3426 1323 3499 Aruro.
1388 3501 1390 3505 ,

352 3564 433 3632 cetis
448 3563 548 3650 Opes.
570 3573 643 3632 tom.
657 3566 1048 3656 V.1oug.XXl—XXVili.
1090 3557 1221 3651 denique
1240 3584 1325 3630 com·

229 3696 283 3808 ⁶,
350 3702 563 3777 memorandus
584 3661 633 3765 est
653 3702 753 3767 codex
760 3684 1047 3784 Guelplrerbytnnus
1070 3697 1130 3782 (G)
1150 3699 1190 3764 ab
1203 3698 1323 3777 iieynio

355 3835 388 3899 in
408 3832 550 3918 Burgesii
568 3855 655 3904 usum
676 3836 808 3902 collatus
839 3835 1007 3919 iterumque
1028 3853 1048 3899 a
1074 3833 1184 3899 Buhlio
1218 3834 1325 3914 inspe-

353 3974 420 4034 ctus
442 3975 473 4031 et
492 3969 663 4054 descriptus
683 3972 705 4035 i.
728 3989 754 4036 c.
773 3988 847 4053 pag.
870 3970 941 4032 lux
963 3985 1010 4052 sq.

226 4083 228 4090 Α
313 4103 397 4174 llaec
426 4104 573 4198 docunius
603 4105 642 4168 de
661 4104 782 4170 Graeco
812 4103 916 4185 operis
938 4108 1083 4167 contextu
1109 4096 1322 4164 constituendo

232 4241 374 4321 recteque
395 4223 598 4306 adornando:
624 4237 738 4305 lutino
758 4237 888 4302 Graecis
920 4236 1075 4315 subiecto,
1096 4231 1324 4318 quaesendum
