2892 4917
192 252 257 316 278
296 275 305 284 ’
588 248 915 317 COMMENTARIVS

190 449 253 515 qua
273 431 385 496 ibidem
406 432 603 513 praedicatur
635 428 685 514 οἴη
719 423 749 495 δ’
769 422 913 516 ἄμμορός
935 430 1003 502 ioci
1024 433 1160 515 λοετρῶν
1177 430 1299 499 Ὠκεα-

191 542 265 602 νοῖο.
288 542 369 603 coui.
390 540 508 626 oopus.
531 542 568 607 Ε.
591 547 665 608 275.
720 543 754 609 iu
784 543 833 608 iris
862 542 968 607 verilis
989 544 1122 608 haerere
1143 562 1178 606 se
1198 544 1297 607 sima-

190 646 299 710 labaut
319 649 529 730 quaestionum
559 658 755 732 captatores,
776 657 932 734 tamquam
953 650 1116 716 Homerum
1136 654 1166 716 iu
1189 661 1296 716 astro-

188 755 317 824 nomicis
340 775 402 819 uou
424 758 503 821 satis
522 759 655 839 peritum
678 758 972 841 deprehendissent,
1001 759 1087 822 utin
1109 760 1296 843 excogitau-

190 865 240 929 iis
262 863 466 927 solutionibus
485 861 605 945 ingenii
626 881 754 928 acumen
773 869 933 928 osmntare
955 870 1092 946 possent.
1148 866 1296 928 nonnulli

189 974 286 1056 igitur
306 991 417 1037 nomeu
440 965 491 1051 οἴη
518 971 640 1037 nonnisi
671 973 713 1037 ad
739 973 900 1037 sullanus}
930 971 1055 1036 nomina
1088 981 1160 1036 aute
1180 973 1297 1055 posita,

189 1101 252 1144 uon
275 1082 315 1145 ai
335 1099 443 1144 omnes
459 1079 578 1159 stellas,
600 1080 713 1144 reterri
736 1080 895 1162 putabant.
914 1082 996 1144 coni
1012 1076 1127 1144 Senot
1149 1081 1190 1143 ad
1212 1080 1241 1143 n.
1267 1080 1295 1143 l.

191 1180 277 1266 οἴη,
310 1184 355 1261 ὥς
383 1182 465 1266 πρὸς
495 1180 536 1247 τύ
559 1187 773 1270 προειρημένα
796 1176 917 1269 ύστρα,
947 1187 1019 1250 ἐπεὶ
1048 1183 1104 1247 καί
1123 1176 1204 1248 ἄλλα
1225 1185 1300 1248 ἐστι’

192 1290 237 1373 μὴ
263 1292 407 1372 δύνοντα.
448 1296 549 1360 stistte
568 1295 753 1360 Aristoteles
775 1287 844 1377 οἴην
870 1315 927 1378 pro
948 1298 1070 1380 inaiyni
1090 1296 1204 1360 dictam
1224 1314 1298 1358 esse

193 1403 311 1483 statuit,
333 1395 516 1468 solutionem
538 1396 616 1468 sord
636 1396 829 1487 μεταφορὰν
854 1396 934 1487 (dud
957 1403 1066 1483 γένους
1086 1403 1140 1465 a'ni
1162 1394 1244 1477 εἶδος
1266 1424 1298 1470 ο,

190 1518 241 1589 21,
259 1509 296 1591 5)
317 1512 487 1593 probando.

275 1617 304 1701 §.
327 1625 379 1683 11.
421 1612 521 1680 aurci
552 1616 599 1678 dd
628 1615 877 1704 προσερύιάν
907 1617 976 1698 (dal
999 1611 1120 1699 λύειν),
1152 1608 1297 1698 donea

188 1721 348 1798 Ἱππίας
381 1719 507 1787 ἔλαεν
539 1721 557 1785 d
594 1723 757 1799 Θύσιος
782 1719 823 1787 τύ
851 1722 1051 1805 “ύι’ύ“ομεν
1078 1723 1120 1786 da'
1153 1723 1307 1790 οὶ”και“-

189 1828 251 1893 “sd
271 1833 346 1910 μὲν
380 1831 427 1892 ού
460 1824 757 1895 καταπύθεται
778 1821 964 1918 ύμβριρ”;
985 1835 1035 1898 vir
1058 1834 1118 1898 iste
1140 1836 1299 1900 mutale-

190 1941 304 2004 otionis
324 1940 415 2024 copia
431 1941 630 2025 doctrinaque
651 1946 757 2021 tumet,
780 1948 815 2004 ut
824 1941 949 2006 αοαιιίοί
969 1942 1100 2025 fastigia
1121 1960 1225 2007 rerum
1244 1943 1296 2005 le-

196 2047 278 2110 uiter
296 2048 451 2131 ottingam
474 2056 506 2111 et
527 2047 586 2112 hoe
607 2048 728 2133 quidem
751 2050 820 2113 loco
842 2049 888 2114 ita
907 2068 942 2112 se
961 2050 1140 2129 contraxit,
1162 2060 1300 2135 atquae

196 2156 294 2219 voluit
313 2156 417 2220 dicere
437 2156 492 2221 vix
511 2157 746 2240 perciperemus,
765 2157 827 2220 nisi
848 2157 966 2221 auxilio
987 2159 1108 2226 venuet
1120 2178 1212 2224 uerum
1223 2160 1300 2223 Ari-

199 2264 328 2340 stoteles
351 2264 403 2348 qui
426 2265 458 2328 iu
479 2259 638 2330 dissutis
668 2263 866 2348 sophisticis
891 2284 919 2327 ο.
944 2269 974 2330 i.
996 2286 1027 2348 p.
1050 2268 1144 2331 leet
1164 2274 1196 2333 3.
1219 2268 1302 2333 haee

198 2372 338 2454 scripsitz
372 2361 439 2433 otoo
464 2368 520 2433 καί
546 2365 601 2432 τὸν
613 2363 755 2453 Ὅμηρον
783 2366 863 2433 ἔνιοι
891 2370 1099 2454 διορθοῦνται
1120 2369 1200 2453 πρύς
1221 2370 1301 2450 τούς
1389 2356 1399 2368 ’

198 2476 383 2558 ἐλέγχοντας
402 2473 446 2552 ὥς
470 2475 597 2553 α’τύπως
615 2474 763 2562 εἰρηκότα
779 2471 837 2540 “cd
857 2479 917 2559 μὲν
950 2476 988 2540 ού
1017 2480 1048 2562 9)
1078 2478 1295 2544 καταπύθεται

200 2575 339 2671 dupinio?
378 2581 496 2649 λύουσι
524 2583 585 2669 γύρ
613 2582 694 2648 αύτύ
717 2586 758 2672 τῇ
777 2584 960 2672 προσῳδιρι,
985 2587 1126 2667 λέγοντες
1146 2584 1179 2652 τὸ
1196 2578 1304 2650 “od''

201 2688 358 2775 ὀξύτερον.
399 2692 456 2758 καί
474 2689 651 2778 sinopici
674 2691 821 2757 ἐνύπνιον
835 2694 891 2760 τού
911 2692 1151 2779 Ἀγαμέμνονος,
1171 2687 1220 2758 dra
1241 2695 1308 2757 ούκ

202 2830 411 2843 -ὺ-ᾑ--ι--ω
420 2832 468 2841 —n

237 2881 265 2954 9)
284 2883 420 2938 Beklrerua
438 2903 488 2958 pro
509 2883 550 2941 ού
577 2883 655 2937 dedit
674 2872 712 2939 od
738 2893 767 2937 et
785 2885 869 2956 paulo
895 2891 959 2954 post
986 2881 1028 2939 ού
1052 2899 1102 2955 pro
1121 2874 1171 2949 ού,
1188 2902 1204 2936 a
1221 2883 1300 2936 libris

203 2979 208 2988 ’
303 2981 359 3032 suis
388 2989 498 3051 praeter
517 2979 744 3033 consuetudinem
768 2979 809 3031 bis
837 2979 968 3031 deficiens
992 2978 1028 3032 ad
1049 2981 1227 3044 coniecturas,
1247 2980 1307 3032 nisi

303 3075 378 3144 quod
396 3074 516 3127 secundo
535 3077 596 3131 loco
618 3074 658 3130 οὔ
675 3076 765 3127 inesse
782 3074 870 3126 codici
886 3076 907 3127 C
926 3075 1105 3146 (Coisiiniano
1125 3074 1190 3145 330)
1209 3091 1243 3127 ex
1259 3077 1302 3129 si-
1383 3141 1388 3150 ¹

289 3170 393 3238 lentio
419 3172 477 3223 eius
494 3171 622 3240 colligere
643 3171 715 3222 licet.
752 3166 802 3223 sed
826 3169 868 3222 ilii
885 3172 1034 3241 scripturae
1053 3178 1082 3223 et
1098 3171 1237 3224 sententia
1255 3188 1301 3223 re·

304 3276 409 3337 pugnat
438 3277 467 3320 et
493 3270 568 3320 iocus
588 3267 826 3338 Poeticac'quem
844 3273 998 3331 tractamus,
1019 3275 1051 3317 ut
1067 3268 1189 3318 omittam
1207 3269 1302 3320 neuti-

303 3381 383 3434 quam
408 3363 461 3416 hoc
484 3364 629 3417 verisimile
658 3355 764 3426 videri,
787 3370 867 3432 turpe
894 3361 966 3414 iilud
987 3363 1085 3415 sitium
1110 3359 1152 3432 (τύ
1172 3364 1227 3436 μὲν
1249 3352 1302 3436 οὗ)

304 3469 368 3513 ante
387 3462 514 3532 Hippiam
535 3460 665 3513 Thasium
686 3460 713 3510 iu
735 3458 853 3527 vulgatis
869 3457 980 3510 Homeri
1007 3459 1139 3530 exemplis
1158 3458 1303 3523 resedisse,

304 3556 478 3629 eundemque
495 3557 634 3610 hominem
650 3557 740 3626 priore
769 3555 831 3605 loco
849 3553 1030 3624 ineptissimas
1053 3554 1165 3624 quidem
1184 3555 1302 3623 argutias
1360 3597 1365 3608 .

305 3654 435 3722 agitasse,
466 3654 581 3706 alterurn
601 3660 692 3704 autem
718 3650 902 3703 emendarisse
920 3650 1128 3720 sapientissime.
1165 3650 1241 3721 quod
1261 3635 1300 3705 ού

302 3766 367 3817 prae
385 3750 426 3802 od
445 3749 575 3821 ὀξύτερον
593 3757 713 3811 vocatur,
733 3746 763 3798 id
780 3746 876 3797 mirum
892 3744 979 3797 uideri
994 3763 1050 3798 non
1068 3745 1164 3798 debet:
1181 3763 1245 3797 nam
1266 3735 1300 3802 ού

301 3854 416 3896 accentu
432 3853 511 3897 acuto
530 3845 658 3914 gravique
677 3843 758 3894 simui
773 3841 868 3893 seritur
885 3831 955 3911 (8ύῇ
975 3839 1009 3894 ού
1023 3841 1082 3894 sine
1100 3849 1214 3892 accentu
1234 3858 1299 3911 pro-

304 3939 398 3992 fertur„
435 3938 585 3992 Bekksrum
603 3939 707 4009 alioqui
725 3939 790 3989 satis
811 3944 919 3989 cautum
939 3935 1082 4008 deceptum
1107 3952 1166 3990 ease
1184 3944 1253 4006 puto
1266 3937 1302 3990 iis

184 4075 187 4078 v
240 4025 242 4028 ¹
301 4050 371 4104 quae
390 4036 543 4088 Alexander
563 4034 783 4107 Aphrodisiensis
804 4042 832 4086 et
859 4032 928 4085 falso
949 4042 978 4085 et
1000 4031 1158 4103 perturbate
1181 4032 1217 4082 ad
1235 4029 1262 4083 is.
1281 4033 1300 4083 l.

300 4131 523 4186 conscribiliuvit.
544 4130 597 4185 uid·
615 4129 729 4187 Scholia
749 4130 903 4185 iaadristot.
924 4137 989 4182 tom.
1008 4129 1030 4182 1.
1050 4147 1077 4200 p.
1098 4125 1188 4183 2991>
1206 4125 1300 4182 asad.

302 4227 423 4281 litandis.
