2892 4917
376 287 419 360 m
439 294 641 360 ronnenn
664 290 797 363 cora
820 295 850 378 a.
868 302 898 361 a.
1122 296 1186 363 aaa

106 477 179 541 idem
200 477 332 560 accidat,
352 479 500 543 eiusmodi
512 480 637 544 adamus
658 481 751 543 animi
767 499 823 544 nos
839 480 981 562 deprimit
996 486 1027 543 et
1048 482 1187 546 diffundit

103 587 200 665 (ποιεῖ
212 584 466 662 κατακωχᾴιους.
501 602 532 650 v.
553 586 739 648 Aristoteles
773 587 842 648 loco
868 604 911 649 'ex
932 584 1186 651 Petauristarii:

102 694 200 773 rato);
220 695 376 758 contrahit
395 696 476 758 idem
492 696 585 759 animi
603 696 845 778 magnitudinem
856 689 904 777 (cd
920 690 1035 774 σεμνὰν
1056 697 1187 756 evocata

104 802 160 882 λει)
180 809 274 885 atque
292 803 414 867 omnino
442 802 638 886 intelligendi
667 792 846 867 facultatem
871 804 979 867 minuit
1008 810 1038 867 et
1059 805 1198 868 ratioet:

101 912 187 975 nandi
220 912 494 995 considerandique
527 913 684 994 negotium
712 912 837 994 impedit
844 935 853 990 ;
875 914 948 994 quid
968 913 1090 976 murltat
1141 908 1216 977 ita

103 1018 219 1101 integra
242 1025 273 1081 et
298 1019 391 1083 animi
411 1026 441 1081 et
461 1020 571 1083 mentis
591 1021 709 1083 sanitas
729 1021 943 1101 corrumpitur.
988 1021 1049 1085 iam
1073 1022 1100 1083 si
1120 1027 1186 1084 tra·

105 1127 210 1210 gordia
232 1127 314 1190 banc
333 1127 395 1190 vim
415 1127 552 1208 baberet,
573 1135 608 1191 ut
628 1129 775 1191 eiusmodi
802 1129 1050 1210 perturbationes
1070 1129 1187 1192 excita-

26 1274 27 1283 κ
103 1242 145 1297 ret
163 1242 194 1298 et
215 1236 313 1298 libere
332 1236 491 1319 soluteque
502 1238 643 1320 grassari
662 1238 787 1317 sineret,
812 1256 851 1301 ea
863 1256 939 1300 sane
953 1238 1074 1319 legibus
1097 1255 1187 1320 quam

103 1344 298 1407 severissimis
319 1344 530 1408 interdicenda
551 1351 636 1411 etex
659 1347 798 1409 omnibus
819 1345 994 1417 ciuitatibus
1012 1346 1089 1407 bene
1111 1362 1186 1408 com

105 1454 212 1516 stitutis
236 1455 419 1534 expellenda
439 1460 530 1518 esset:
572 1455 628 1517 sed
645 1454 717 1516 inde
740 1452 858 1519 demum
879 1455 986 1517 divina
1005 1455 1187 1536 tragoediae

26 1636 27 1641 γ
104 1561 148 1623 ris
167 1579 202 1624 se
222 1563 365 1643 ostendit,
386 1562 467 1645 quod
486 1563 692 1627 miserationis
714 1569 746 1626 et
766 1569 865 1626 metus
884 1563 994 1626 nimias
1013 1563 1188 1625 affectiones

26 1730 27 1739 ,
104 1675 226 1753 popae.
268 1678 385 1754 purgat
415 1690 490 1735 vcro
512 1670 637 1736 duobus
659 1674 767 1737 modis.
793 1679 823 1736 1.
855 1673 907 1754 qui
925 1672 1038 1754 insigni
1061 1670 1188 1735 calami-

26 1806 27 1851 t
103 1786 161 1843 tate
184 1778 377 1844 conflictatur
396 1781 430 1843 in
452 1781 625 1862 tragoedia,
646 1780 674 1843 is
695 1788 805 1845 contra
824 1780 1037 1844 necessitatem
1055 1777 1086 1858 4)
1106 1796 1188 1843 sum-

102 1905 149 1950 ma
167 1888 278 1951 virium
299 1890 494 1952 contentione
514 1890 622 1952 nititur
655 1896 776 1972 etpost
798 1890 905 1952 varios
928 1908 1017 1952 casus
1040 1893 1093 1951 aut
1115 1906 1188 1949 con-

103 1995 170 2058 cidit
200 1996 299 2059 uobili
318 1977 380 2059 leto
401 2003 456 2060 aut
475 1998 617 2079 superior
638 1998 769 2061 discedit
789 1997 872 2061 laeto
894 2005 1013 2061 eventu.
1057 2014 1095 2059 ea
1115 2013 1188 2056 con.-

26 2150 27 2157 κ
103 2105 262 2187 sideratio,
294 2114 428 2189 quantae
456 2108 519 2170 sint
550 2108 703 2170 bundorum
725 2108 829 2187 vires,
861 2110 1065 2186 spectatorem
1084 2101 1188 2165 evehit

26 2194 27 2257 Ῑ
103 2214 183 2297 eique
204 2215 317 2279 virium
339 2216 469 2279 humano
490 2217 597 2298 generi
621 2226 835 2278 concessarum
865 2213 1022 2276 scientiam
1042 2211 1188 2294 largitur.

26 2332 27 2413 ᾗ
103 2321 144 2385 ita
166 2328 198 2385 et
219 2324 377 2386 miseratio
400 2330 431 2387 et
451 2331 549 2386 metus
569 2325 657 2387 iustis
685 2323 795 2387 linibus
821 2320 1023 2397 eontinentur,
1044 2324 1078 2382 ut
1100 2318 1200 2382 omne

26 2432 27 2495 ζ
104 2431 222 2494 nimium
243 2433 295 2493 vel
316 2430 594 2513 perturbatorium
618 2433 662 2494 eis
685 2432 858 2511 ademptum
876 2428 1027 2492 videamur.
1057 2445 1114 2508 pro
1132 2438 1190 2489 re.

26 2516 27 2561 ³
104 2535 287 2601 lementibus
298 2540 391 2601 animi
404 2540 536 2602 motibus
549 2540 652 2622 quieta
666 2538 824 2621 cogitatio,
839 2555 897 2618 pro
907 2534 1189 2619 perturbationibus

26 2708 27 2735 ,
104 2663 175 2709 sana
198 2664 305 2709 rernm
323 2647 522 2710 humanarum
542 2647 747 2710 consideratio
769 2644 941 2709 invalescit
983 2649 1013 2708 2.
1027 2641 1191 2725 tragoedia

26 2748 27 2757 ³
105 2755 325 2818 miserationem
346 2762 516 2835 metumque
537 2760 658 2835 purgat,
682 2753 752 2814 dum
764 2752 851 2814 illum
873 2750 924 2832 qui
944 2749 1058 2831 gravia
1079 2764 1190 2829 perpe-

26 2908 27 2937 ,
106 2862 174 2929 titur
195 2865 306 2927 saltem
326 2881 367 2926 ex
388 2865 493 2945 aliqua
511 2868 602 2943 parte
621 2861 719 2941 ipsum
742 2878 817 2922 suae
830 2852 1015 2923 calamitatis
1035 2861 1190 2919 auctorem

107 2971 195 3034 luisse
216 2971 358 3034 ostendit.
402 2989 479 3033 vera
501 2970 580 3031 enim
603 2968 766 3051 tragoedia
797 2966 936 3050 quamvis
956 2965 1084 3027 obscure
1105 2982 1191 3025 mon-

106 3084 199 3142 strare
220 3098 282 3141 non
303 3078 446 3160 negligit,
469 3077 617 3160 quomodo
638 3077 771 3138 miseriis
793 3091 869 3138 sese·
883 3074 934 3157 qui
946 3072 1094 3154 premitur
1116 3071 1190 3134 sub-

108 3188 226 3250 trahere
247 3186 405 3267 potuisset,
428 3187 455 3247 si
467 3187 494 3248 is
517 3185 556 3248 ab
570 3185 657 3247 initio
671 3185 811 3267 iustoque
823 3185 916 3246 etiam
937 3188 1072 3264 tempore
1087 3196 1191 3242 omnes

108 3296 194 3359 animi
216 3315 331 3359 nervos
342 3296 525 3358 intendisset
538 3301 694 3375 totamque
714 3293 825 3354 mentis
838 3291 1112 3354 considerationem
1132 3287 1191 3349 ad-

108 3400 258 3467 hibuisset.
302 3405 449 3467 eiusmodi
472 3411 573 3467 autem
594 3401 840 3464 consideratione
855 3399 1013 3465 miseratio
1035 3402 1192 3476 metusque

26 3596 27 3599 Ἴ
108 3529 206 3576 rursus
226 3520 418 3595 purgantur,
440 3517 472 3574 et
504 3511 692 3573 conscientia
719 3510 953 3590 intellectusque
980 3504 1192 3587 praestantiae

26 3634 27 3641 ¹
109 3616 250 3683 humanae
273 3621 435 3684 excitatur.
485 3620 603 3681 dnobus
623 3618 707 3681 bisce
738 3617 839 3679 modis
866 3617 958 3678 rudes
990 3614 1065 3676 illae
1088 3619 1119 3673 et
1138 3611 1193 3672 de·

26 3726 27 3761 l
74 3729 265 3807 *primentes
287 3730 354 3793 sive
385 3728 601 3791 contrahentes
634 3727 811 3790 affectiones
839 3723 932 3788 animi
958 3722 1140 3785 cohibentur
1162 3724 1193 3780 et

109 3837 144 3899 ad
164 3858 259 3903 sanae
279 3837 389 3903 mentis
408 3837 682 3901 considerationem
701 3837 822 3900 relatae
842 3832 1045 3915 castigantur,
1066 3835 1101 3892 ut
1120 3824 1193 3892 inde

115 4039 356 4057 *Q*-

26 4194 27 4205 κ
136 4165 163 4240 4)
183 4148 380 4224 Necessitatem
405 4168 467 4220 dico
493 4183 552 4220 eam
571 4184 659 4219 rerum
687 4165 865 4217 humanorum
890 4161 1104 4236 implicationem
1122 4172 1192 4230 quaa

209 4266 275 4336 ipsis
296 4265 438 4318 hominum
457 4263 594 4317 erroribus
610 4263 741 4335 vitiisque
756 4269 875 4333 paratur.
