2892 4917
249 302 291 361 ιι
615 269 965 354 Arrsroroaors

244 474 313 566 [καί
332 480 405 560 βίον
427 474 483 540 καί
500 476 722 553 εὐδαιμονίας·
774 473 831 535 καί
862 470 882 554 ἦ
911 470 1140 551 κακοδαιμονία
1164 472 1200 535 έν
1227 468 1341 554 πράξει

196 591 330 674 sciuri,
352 593 408 658 καί
433 590 468 657 td
499 593 589 667 τέλος
611 587 726 673 πριῖξίς
756 612 806 662 τις
826 589 932 668 έστίν,
963 588 1003 651 οδ
1026 586 1178 671 recident}
1221 585 1288 651 εἰσί
1306 588 1342 651 δέ

241 707 322 774 κατὰ
340 711 400 789 μέν
421 704 457 772 roi
483 699 548 791 ήδη
568 706 658 770 ποιοί
667 728 760 782 τινες,
782 700 865 768 κατὰ
886 705 922 766 δὲ
936 701 995 779 τὰς
1009 700 1140 788 πράξεις
1153 701 1343 783 εὐδαίμονες

242 820 265 910 'l
286 823 478 890 τοίναντίον.
520 815 635 887 οδκουν
657 817 742 897 ὅπως
764 819 804 884 τοὶ
834 813 898 905 ἤδη
919 817 1121 904 μιμήσονται
1140 814 1341 904 πρέπουσιν,

241 937 320 1006 ἀλλὰ
339 938 378 1005 ui
400 931 465 1023 ήθή
487 935 828 1021 σομπεριλαμβοὶνονσι
862 933 917 999 διδ
939 934 995 1012 τὰς
1014 938 1151 1017 πράξεις.
1194 929 1278 999 ὥστε
1298 931 1364 1001 uili

241 1054 413 1142 πράγματα
445 1054 502 1119 καί
523 1053 540 1117 δ
565 1054 671 1134 μῦθος
696 1056 787 1127 τέλος
806 1053 863 1135 τῆς
883 1053 1080 1139 τραγῳδίαις·
1133 1048 1166 1115 td
1190 1054 1226 1115 δὲ
1250 1056 1341 1125 τέλος

197 1175 388 1257 ιιμέγιστον
417 1169 571 1236 ἁπάντων.
621 1166 671 1235 ἔτι
689 1161 779 1234 ,ἄνευ
806 1170 867 1250 μέν
890 1169 1035 1254 πράξεως
1066 1169 1124 1231 οιίκ
1150 1164 1190 1232 δν
1218 1172 1340 1252 γένοιτο

240 1290 419 1377 τραγῳδία,
453 1280 532 1353 ἄνευ
553 1287 589 1352 δὲ
610 1285 700 1370 vidais
723 1288 835 1369 γένοιτ’
861 1279 913 1351 ἄν.
958 1283 992 1350 αἱ
1011 1282 1073 1370 γὰρ
1096 1289 1159 1350 ταῖν
1179 1286 1259 1349 νέων
1277 1289 1340 1348 τῶν

138 1451 147 1470 .
240 1403 396 1470 ιλλείστων
424 1397 538 1489 ἆήδεις
564 1397 740 1491 τραγιρδιαι
769 1387 850 1485 εἰσί,
883 1404 940 1466 καί
965 1397 1047 1478 ὅλως
1078 1398 1209 1486 ποιηταί
1227 1403 1341 1465 πολλοί

192 1581 196 1590 ,
239 1522 400 1601 τοιοῦτον,
436 1510 502 1583 οἷον
534 1516 590 1582 καί
616 1521 680 1581 ταῖν
709 1521 860 1603 γραφέων
881 1521 995 1594 Ζεῦξις
1022 1514 1102 1600 πρὸς
1123 1514 1338 1599 Πολύγνωτον
1349 1542 1378 1580 ιο

240 1639 415 1700 πέπονθεν·
459 1632 478 1698 d
501 1630 642 1716 μὲνγὰρ
665 1632 875 1715 Πολύγνωτος
903 1624 1025 1715 ἆγαθός
1043 1632 1238 1717 ἠθογριὲφος,
1258 1626 1279 1715 ή
1302 1633 1339 1694 δὲ

197 1751 394 1829 ιαΖεδξιδος
423 1745 533 1835 γραφή
565 1748 661 1813 ον’δὲν
693 1744 764 1831 ἔχει
792 1742 880 1834 ἦθος.
933 1745 979 1813 ἔτι
1002 1749 1059 1813 ε’άν
1080 1772 1127 1823 τις
1154 1749 1268 1834 έφεξής
1293 1752 1338 1833 δή

243 1865 355 1953 ῥήσεις
373 1864 488 1951 η’θικδς
518 1859 574 1929 καί
606 1860 706 1941 λέξεις
735 1862 791 1928 καί
813 1867 956 1939 διανοίας
984 1857 1023 1927 εδ
1041 1866 1274 1952 πεποιημένας,
1297 1865 1339 1927 ου’

241 1983 365 2066 ποιήσει
388 1980 405 2047 ὃ
435 1977 474 2067 ήν
495 1985 552 2065 τῆς
569 1978 748 2069 τραγῳδίας
767 1979 875 2066 ἔργον,
895 1979 976 2046 α’λλδ
997 1981 1077 2046 notai
1097 1985 1217 2063 μᾶλλον
1236 1980 1261 2072 ἡ
1280 2006 1340 2046 κα·

205 2291 208 2294 ¹
312 2220 336 2270 1.
353 2220 402 2272 secl
420 2216 643 2290 κακοδαιμονίας
657 2223 721 2288 post
738 2214 923 2289 εὐδαιμονίας
940 2216 1041 2270 Aldus:
1061 2233 1105 2268 om
1125 2216 1235 2269 A0B⁶N¹
1261 2224 1292 2272 et
1309 2217 1340 2270 Μ

310 2330 403 2366 omnes
421 2323 450 2366 et
467 2294 546 2366 GLP
558 2313 593 2386 Q.
717 2317 766 2366 uui
782 2310 797 2378 ἧ
816 2312 1035 2384 κακοδαιμονία]
1055 2312 1140 2364 Aldus
1161 2330 1221 2364 cum
1238 2313 1339 2383 pleris-

309 2426 364 2480 que
381 2408 533 2462 editoribus
550 2412 600 2462 καὶ
617 2403 673 2481 γὰρ
700 2406 716 2474 ’l
736 2407 914 2479 addemnatis.
934 2407 988 2459 vid.
1009 2409 1201 2459 Commeat.
1293 2409 1341 2460 10.·

309 2507 513 2576 πολύγνωστον
523 2506 593 2557 Acsso
609 2513 638 2556 et
650 2521 709 2555 corr
722 2504 771 2570 Na3
783 2522 846 2555 mox
863 2502 1060 2573 πολύγνωσιος
1070 2504 1186 2556 ΑῦΒῦΝΙ.
1295 2506 1336 2556 11.
1364 2511 1367 2516 ’

222 2633 225 2652 ι
309 2593 419 2672 δγαθὸς
439 2601 526 2671 GLQ
545 2609 573 2652 et
590 2600 656 2651 libri
673 2575 842 2653 victoriani:
862 2597 985 2668 ἀγαθῶν
1004 2600 1112 2651 ΑῡΒεΝο
1130 2603 1171 2670 (et
1190 2602 1219 2652 M
1233 2602 1338 2672 omnes)

309 2705 337 2748 et
352 2695 445 2748 Aldus.
530 2695 571 2748 13.
590 2694 625 2749 ου’
643 2692 768 2763 ποιήσει]
786 2693 820 2751 οδ
840 2694 968 2764 ποιήσεις
986 2695 1082 2761 Aldus,
1099 2697 1212 2765 ποιήσει
1228 2696 1340 2750 A⁶B‘2N⁸¹

311 2789 766 2862 etGLPQ.uid.Commeut.

239 3001 313 3041 num
342 2977 396 3041 sed
428 2977 558 3039 actionis
593 2977 639 3060 [et
668 2978 753 3039 vitae
785 2986 816 3038 et
844 2977 1019 3040 felicitatis:
1054 2977 1148 3039 etiam
1175 2977 1339 3038 infelicitas

239 3065 364 3141 actione
385 3078 583 3156 continetur,
614 3087 645 3139 et
666 3079 734 3139 finis
755 3078 837 3139 actio
866 3088 912 3140 est
935 3078 1058 3161 aliqua,
1088 3099 1151 3139 uon
1175 3076 1337 3162 qualitas].

235 3190 308 3241 sunt
320 3188 423 3239 autem
438 3200 499 3261 pro
514 3178 654 3239 moribus
675 3179 826 3262 qualitate
846 3179 980 3260 quadam
1000 3178 1146 3260 praediti,
1160 3200 1222 3258 pro
1238 3180 1339 3239 actio-

238 3280 328 3341 nibus
352 3279 454 3341 felices
476 3287 530 3338 aut
542 3288 664 3339 contra.
685 3300 749 3339 non
764 3279 861 3359 igitur
874 3289 909 3340 ut
929 3300 1032 3340 mores
1050 3278 1212 3338 imitentur
1229 3290 1337 3361 agunt,

238 3380 290 3440 scd
313 3400 417 3442 mores
441 3402 502 3439 una
516 3379 771 3460 complectuntur
784 3387 921 3462 propter
937 3381 1083 3441 actiones.
1127 3382 1233 3462 itaque
1255 3383 1337 3441 facta

237 3489 269 3542 et
289 3480 394 3541 fabula
415 3481 483 3540 linis
507 3479 702 3562 tragoediae:
724 3480 794 3552 finis
815 3489 920 3542 autem
943 3482 1083 3542 omnium
1103 3504 1259 3543 summum
1281 3493 1335 3545 est.

235 3590 404 3662 praetcrea
425 3581 490 3642 sine
513 3582 637 3642 actione
671 3604 734 3642 non
758 3581 813 3641 fiat
833 3580 1006 3664 tragoedia,
1035 3579 1089 3643 sed
1110 3582 1176 3643 sine
1197 3582 1336 3645 moribus

235 3681 308 3741 fiat:
327 3703 400 3741 nam
411 3681 592 3766 tragoediae
602 3682 817 3743 recentiorum
829 3680 1056 3765 plerorumque
1065 3682 1204 3742 moribus
1217 3692 1335 3760 carent,

235 3792 266 3841 et
296 3781 426 3841 omnino
459 3792 571 3863 poetae
605 3780 692 3841 multi
727 3781 821 3858 tales,
853 3782 939 3863 quod
970 3782 1064 3843 etiam
1092 3804 1128 3842 ex
1159 3784 1335 3864 pictoribus

233 3880 364 3942 Zeuxidi
385 3880 424 3941 ad
444 3882 658 3966 Polygnotum
681 3890 864 3964 comparato
887 3882 1014 3943 accidit:
1037 3883 1228 3967 Polygnotus
1250 3885 1335 3945 enim

233 3982 482 4043 homanorum
504 3984 621 4064 pictor,
644 3982 696 4044 sed
710 3980 849 4043 Zeuxidis
871 3982 998 4062 pictura
1021 3982 1121 4044 nullos
1146 3982 1241 4046 habet
1263 4007 1334 4045 mo·

237 4103 295 4142 res.
338 4102 440 4165 porro
465 4083 490 4142 si
511 4085 579 4166 quis
602 4083 746 4163 deinceps
768 4093 870 4164 ponat
891 4104 1048 4145 sermones
1069 4093 1210 4144 moratos
1231 4093 1264 4145 et
1286 4086 1334 4145 di-

233 4181 352 4243 ctiones
373 4190 405 4244 et
425 4186 590 4245 sententias
612 4183 692 4243 hene
715 4185 818 4258 factas,
843 4205 906 4243 uon
930 4184 1023 4244 faciet
1044 4184 1130 4266 quod
1152 4185 1335 4265 tragoediae

233 4281 370 4344 officium
395 4292 480 4363 erat,
510 4283 564 4347 sed
595 4283 812 4367 multomagis
840 4305 876 4346 ea
899 4284 1064 4366 tragoedia
1089 4306 1169 4367 quae
1190 4283 1236 4345 his
1256 4304 1333 4365 Par.
