2892 4917
343 261 348 270 '
411 291 538 388 Ισενι
558 291 841 359 floreamus.
904 260 907 265 ’
1124 300 1177 362 ιε

87 472 298 555 ιοόεεστέροις
331 464 453 569 τούτοις
473 473 647 556 κεχρημένη
681 473 860 557 τραγῳόία,
880 444 999 553 ἔχοοσα
1015 474 1051 538 di
1071 475 1176 555 μόθον

88 585 138 650 καί
154 582 313 651 σόστασιν
336 583 541 667 πραγμάτων.
594 581 673 669 πρός
707 586 744 649 δὲ
763 585 887 660 τούτοις
906 584 945 650 τό
975 590 1108 672 μέγιστα
1129 584 1224 666 οἷςιδ

87 707 278 785 ψυχαγωγεῖ
295 695 314 785 ἦ
336 702 513 787 τραγῳδία,
539 702 600 766 τοῦ
619 701 729 782 μόθου
748 703 831 784 μέρη
853 701 955 783 ἐστίν,
976 703 1014 768 οἳ
1028 727 1063 768 τε
1083 729 1174 789 περι.

88 820 205 882 πέτειαι
227 817 284 879 καί
299 817 534 899 α’ναγνιορίσεις.
587 812 635 879 ἐτι
649 825 779 899 σημεῖον
799 810 844 880 ότι
865 820 922 881 καί
942 814 973 883 οἱ.
992 821 1173 902 ἐγχειροῦν.
1187 825 1226 903 14

69 945 133 1007 διες
152 938 258 995 ποιεῖν
278 926 434 1013 πρότερον
456 928 607 995 όόνανται
636 932 677 1017 τῇ
695 934 778 1009 λε”ξει
796 935 852 996 καὶ
869 941 935 1007 τοῖς
953 926 1064 1022 ἤθεσιν
1083 936 1175 1022 α’κρι·

87 1052 159 1131 βοῦν
178 1043 201 1132 ἢ
222 1045 263 1113 τὰ
283 1045 453 1132 πράγματα
473 1050 693 1130 συνίστασθαι,
715 1040 780 1116 οἷον
792 1049 848 1113 καί
859 1049 888 1114 οἱ
902 1057 1023 1135 πρῶτοι
1046 1052 1178 1138 ποιητοί

88 1162 197 1248 σχεδὸν
213 1159 359 1240 όῖποιντες.
401 1161 485 1248 α’ρχῆ
505 1166 565 1246 μὲν
596 1156 651 1229 οὖν
672 1161 730 1230 καί
749 1157 814 1230 οἷον
841 1165 932 1253 ψυχὴ
955 1166 972 1233 ό
994 1172 1098 1251 μῦθος
1119 1145 1176 1254 τῆς

87 1282 269 1370 τραγῳόιλις,
293 1277 443 1366 δεότερρν
463 1282 500 1346 δὲ
521 1280 559 1347 τό
580 1273 657 1367 ἤθη.
699 1280 936 1371 [παραπλήσιον
953 1283 1013 1370 γόρ
1036 1287 1102 1353 ἐστι
1122 1284 1225 1353 xat15

89 1397 136 1463 tut
161 1401 220 1482 τῆς
249 1399 427 1483 γραφικῆς·
480 1397 511 1462 εἰ
539 1398 599 1484 γάρ
629 1424 678 1477 τις
710 1402 888 1481 ἐναλείψειε
915 1409 981 1479 τοϊς
1000 1404 1177 1480 καλλιστοις

58 1513 269 1600 ,σφαρμοίκοις
288 1511 411 1597 χύδην,
432 1515 490 1576 οόκ
510 1508 551 1578 όν
570 1511 687 1595 ὁμοίως
719 1510 909 1601 εὐφράνειεν
928 1514 986 1581 καί
1005 1522 1177 1601 λεοκογρα·
1243 1590 1248 1604 ⁸

91 1630 191 1715 φήσας
211 1628 327 1696 εἰκόνα.
366 1625 435 1694 ἔστι
453 1652 485 1693 τε
502 1633 635 1715 μίμησις
652 1629 804 1714 πράξεως,
827 1634 885 1696 καί
901 1629 955 1697 dui
971 1630 1091 1717 ταύτην
1112 1635 1177 1715 μό-

91 1751 175 1811 λιστα
198 1747 262 1811 τοῖν
283 1743 499 1835 πραττόντων.
540 1749 644 1830 τρίτον
665 1748 701 1813 dd
726 1743 748 1832 ἦ
768 1749 902 1815 διάνοια.
943 1752 1037 1814 τοῦτο
1057 1752 1086 1814 δ’
1107 1752 1177 1815 ἐστί
1188 1752 1225 1816 16

90 1862 121 1928 τό
139 1865 240 1946 λέγειν
271 1862 435 1928 δύνασθαι
461 1861 501 1928 τοὶ
519 1865 626 1929 ἐνόντα
645 1869 701 1931 καί
730 1864 771 1929 τό
794 1859 1100 1951 &opteramum
1124 1867 1179 1932 ε’πί
1255 1951 1257 1954 ι
1281 1862 1283 1864 ’

18 2049 19 2058 ,
91 1982 146 2042 τόν
163 1979 262 2062 λόγων
284 1985 340 2063 τῆς
362 1985 523 2063 πολιτικῆς
544 1983 600 2044 καί
618 1979 786 2066 ῥητορικῆς
806 1979 898 2068 ἔργον
919 1985 1023 2049 ἐστίν·
1066 1979 1177 2066 οἱμὲν

18 2107 19 2144 l
56 2093 145 2181 15de
170 2097 303 2181 οἰρχαῑοι
322 2101 490 2177 πολιτικαῖς
510 2102 637 2164 ἐποίουν
657 2101 825 2183 λέγοντας,
862 2089 892 2165 ὀί
912 2104 949 2167 'dd
972 2104 1029 2167 νῦν
1049 2097 1177 2187 ῥητορι-

91 2215 156 2290 κός.
197 2212 267 2282 ἔστι
292 2219 328 2282 δὲ
350 2210 430 2300 ἦθος
445 2221 506 2299 μὲν
532 2215 568 2281 τό
588 2214 770 2282 τοιοῦτονό
805 2220 899 2304 δηλοῖ
914 2218 973 2302 τόν
990 2219 1222 2305 προαίρεσινιγ
1282 2294 1288 2303 ,

93 2326 176 2397 όποία
195 2354 265 2408 τις·
308 2331 417 2421 διόπερ
443 2334 501 2397 οόκ
522 2330 651 2420 ἔχουσιν
674 2326 754 2418 ἦθος
774 2336 835 2398 τῶν
856 2329 956 2418 λόγων
979 2337 1013 2399 ἐν
1034 2328 1081 2406 οἷς
1100 2335 1176 2417 μηδ’

111 2429 115 2438 ι
946 2421 954 2448 Ι

156 2561 196 2612 17.
215 2566 278 2628 post
298 2577 340 2618 τις
362 2558 471 2610 A0B0N⁸
496 2566 525 2611 et
547 2558 577 2610 M
598 2557 659 2611 XIV
682 2557 715 2611 16
731 2559 765 2612 21
787 2557 825 2612 ἐν’
846 2547 889 2617 οἷς
914 2555 964 2610 οὐκ
977 2557 1037 2611 ἔστι
1057 2554 1176 2623 diluuii

154 2663 334 2726 προαιρεῖται
352 2648 369 2720 ἢ
383 2652 492 2725 φεύγει.
513 2654 552 2705 sic
564 2653 650 2705 Aldus
662 2670 783 2725 quoque,
797 2652 846 2705 sed
858 2652 930 2705 idem
948 2651 1028 2705 addit
1043 2650 1058 2707 d
1077 2654 1175 2724 λέγων.

94 2829 108 2850 ,
544 2825 546 2830 ,

96 2872 150 2934 eius
169 2894 223 2935 usa
242 2870 378 2932 fabulam
409 2880 511 2932 tamen
544 2870 637 2933 habet
665 2878 697 2932 et
726 2868 984 2953 compositionem
1008 2871 1175 2931 factorum.

96 2974 204 3035 accedit
225 2970 313 3055 quod
333 2971 447 3054 quihus
467 2973 596 3033 maxime
612 2972 731 3032 animos
751 2980 837 3033 tenet
857 2970 1030 3055 tragoedia,
1052 2972 1177 3032 fabulae

96 3083 188 3155 partes
209 3083 292 3148 sunt,
316 3073 490 3155 peripetiae
512 3082 543 3135 et
563 3074 746 3158 agnitiones.
794 3073 887 3134 etiam
908 3072 971 3135 hoc
992 3073 1114 3156 signum
1132 3080 1177 3134 est

96 3174 172 3256 quod
193 3177 247 3259 qui
262 3173 370 3257 poesin
393 3173 621 3255 adgrediuntur
633 3175 720 3257 prius
732 3173 861 3236 dictioni
885 3182 917 3236 ct
936 3174 1076 3235 moribus
1098 3173 1178 3234 iuste

94 3283 214 3354 possunt
236 3272 427 3355 respondere
456 3298 549 3357 quam
579 3274 661 3335 facta
681 3295 890 3357 componere,
914 3272 1177 3357 quemadmodum

95 3376 178 3435 etiam
196 3374 291 3458 primi
311 3383 424 3457 poetae
445 3377 510 3437 fere
538 3396 657 3438 omnes.
707 3375 900 3458 principium
921 3374 1017 3456 igitur
1037 3381 1069 3434 et
1090 3372 1177 3454 quasi
1288 3411 1290 3414 -

17 3463 18 3480 ¹
95 3476 185 3536 anima
206 3474 387 3558 tragoediae
409 3484 455 3536 cst
474 3474 596 3562 fabula,
617 3476 761 3558 proxime
783 3483 887 3535 autem
909 3483 1085 3557 sequuntur
1107 3495 1178 3533 mo.

94 3596 147 3637 res.
197 3576 308 3660 [simile
338 3576 420 3637 enim
450 3574 608 3659 quoddam
635 3574 739 3637 evenit
758 3561 851 3635 etiam
870 3574 903 3633 in
925 3581 993 3633 arte
1013 3571 1177 3656 pingendi:

94 3695 158 3736 narn
177 3677 202 3738 si
224 3676 293 3760 quis
322 3675 456 3737 illeverit
487 3674 704 3758 pulcherrimis
734 3674 898 3757 pigmentis
920 3676 995 3752 fuse,
1018 3694 1081 3734 non
1102 3694 1177 3757 per-

93 3773 157 3836 inde
178 3774 380 3854 delectaverit
398 3798 493 3857 quam
513 3775 647 3858 imagine
671 3775 740 3835 alba
764 3775 928 3837 delineata.
972 3782 1080 3858 estque
1103 3773 1176 3834 imi.

94 3875 164 3935 tatio
185 3876 316 3936 actionis
337 3884 430 3958 atque
451 3897 511 3957 per
532 3876 611 3936 hanc
630 3876 827 3958 potissimum
846 3876 1014 3959 agentium.
1047 3876 1176 3938 tertium

95 3977 245 4037 sententia,
287 3975 320 4037 id
343 3985 447 4037 autem
468 3985 513 4037 est
534 3976 638 4038 dicere
659 3997 750 4058 posse
771 3998 852 4059 quac
885 3977 930 4038 roi
952 3976 1058 4036 insunt
1077 3995 1176 4058 quae-

97 4096 149 4156 que
170 4086 241 4159 apta
265 4087 349 4152 snut,
368 4077 401 4139 id
421 4077 508 4160 quod
529 4077 560 4138 in
582 4077 776 4139 orationihus
793 4077 868 4138 artis
882 4076 1029 4159 politicae
1048 4086 1080 4136 et
1101 4074 1176 4136 rlie.

17 4217 19 4252 q
95 4175 204 4237 loricae
225 4176 384 4258 negotium
418 4187 482 4238 est:
517 4199 588 4239 nam
617 4179 738 4260 antiqui
772 4178 900 4259 politice
922 4177 1057 4237 dicentes
1079 4175 1177 4238 faeie-

17 4749 19 4762 l

96 4271 172 4354 bant,
193 4276 337 4341 hodierni
359 4277 525 4342 rhetorice.
579 4278 699 4341 morale
717 4287 819 4341 autem
841 4288 886 4340 cst
908 4277 941 4338 id
964 4275 1049 4360 quod
1072 4275 1176 4339 deela-
