2892 4917
256 319 319 378 166
642 307 966 376 COMMENTARIVS

251 497 344 580 phau.
368 492 451 561 Rau.
476 516 507 559 v.
529 500 601 560 849.
624 500 695 560 etl.
721 499 812 560 1330.
834 499 915 559 conl.
940 492 1171 577 thesmophor.
1193 514 1223 559 r.
1248 499 1341 559 10⁷7.

254 604 356 671 Pacis
390 625 419 668 v.
453 612 544 669 1012.
609 606 735 669 Photins
766 605 800 667 ln
827 604 946 670 lexico:
981 601 1194 687 μονῳδία,
1229 599 1249 683 ἦ
1283 598 1346 663 α’πό

248 713 364 793 σκηνῆς
397 707 465 799 cpida}
497 713 531 775 ἐν
553 719 618 786 τοῖς
650 710 814 792 δράμασι,
841 709 896 772 ναί
914 709 1119 795 μονῳδεῖν
1139 707 1175 771 τό
1199 712 1348 792 θρηνεῖν·

250 821 395 894 ἐπιεικῶς
426 818 488 901 γόρ
521 821 623 883 πόσαι
651 815 687 882 αἱ
716 815 925 914 οἷπόὶσιηνῆς
955 816 1039 905 ᾠδοί
1062 817 1098 881 ἐν
1127 817 1165 904 τῇ
1187 817 1349 904 τραγῳδίᾳ

247 928 365 1011 δρῆνοί
381 930 452 992 τίσι.
496 933 596 995 idem:
616 927 812 1016 μονῳδία
834 931 975 1008 λέγεται,
997 920 1073 989 όταν
1090 921 1137 1000 εἷς
1156 920 1254 1005 μόνος
1272 927 1347 1011 λέγῃ

247 1033 305 1116 τόν
324 1031 431 1123 ᾠδόν,
454 1037 509 1099 καί
525 1036 587 1118 σδχ
611 1032 695 1116 όμοδ
715 1031 733 1097 ό
756 1033 863 1119 χορός.
908 1039 1012 1102 eadem
1034 1039 1111 1103 hacc
1140 1038 1234 1120 paulo
1255 1037 1349 1101 aliter

248 1139 399 1229 dlsposlta
420 1147 534 1213 Suidas
558 1149 652 1212 hahet
672 1168 697 1212 s,
721 1167 752 1212 v.
773 1146 978 1231 μονῳδεῖν
994 1153 1025 1209 ct
1045 1145 1241 1234 ppoocpd'lu.
1264 1148 1345 1209 conf.

249 1256 418 1334 Hesychius
439 1277 465 1321 s.
494 1277 525 1322 v.
560 1254 745 1342 ρσνιρδεῖ
773 1263 805 1320 et
826 1258 887 1320 lex.
910 1275 930 1319 a
954 1255 1149 1319 Bachmanno
1181 1254 1295 1318 edium
1316 1269 1347 1336 p.

250 1365 323 1430 303.
346 1367 385 1429 de
407 1370 542 1430 conmiis
562 1369 656 1448 paulo
677 1372 749 1448 post
771 1366 913 1429 dicemus

332 1475 360 1556 §·
383 1483 413 1539 2.
456 1468 549 1535 ἔστι
579 1472 622 1533 δὲ
645 1466 853 1554 πρόλογος
883 1462 1345 1554 μὲνμέροςόλσντρα.

247 1573 408 1670 γρδίας
428 1577 468 1645 τό
489 1576 567 1663 πρὸ
587 1581 719 1661 χοροί·
746 1573 957 1661 παρόδους
981 1584 1042 1646 iam
1063 1583 1171 1665 incipit
1191 1584 1268 1646 ulna
1289 1601 1346 1646 sna

249 1694 294 1757 uti
315 1700 347 1754 et
368 1692 411 1756 sic
434 1693 602 1774 disputare,
622 1699 657 1754 ut
679 1692 774 1755 missa
793 1693 917 1755 iuterna
943 1693 1082 1774 tragicae
1105 1693 1209 1773 poesis
1231 1698 1346 1756 natura

226 1808 345 1879 curet,
366 1820 405 1863 ne
424 1804 507 1863 forte
527 1819 586 1883 quo
610 1802 731 1865 nomine
760 1803 902 1884 singulae
923 1803 1155 1885 tragoediarum
1174 1804 1346 1884 particulae

250 1911 410 1974 vocandae
442 1912 504 1973 sint
533 1913 665 1973 lectores
696 1912 844 1975 nesciant.
898 1909 1055 1994 prologus
1085 1917 1133 1973 est
1162 1911 1261 1992 igitur
1280 1916 1347 1973 tota

249 2020 433 2101 tragoediae
463 2039 538 2102 pars
570 2039 649 2103 quae
677 2020 779 2101 posita
798 2027 846 2082 est
874 2026 947 2083 ante
966 2021 1051 2083 chori
1075 2039 1198 2083 carmen
1220 2019 1346 2102 parodi-

252 2146 328 2190 cum.
383 2148 493 2192 nomen
514 2122 656 2205 πάροδον
685 2128 716 2191 lr.
738 2130 760 2192 l.
779 2148 842 2191 non
862 2129 901 2190 de
922 2129 1007 2191 chori
1029 2128 1062 2191 in
1083 2121 1273 2191 orchestram
1294 2130 1346 2191 in-
1393 2159 1395 2164 ·

248 2252 371 2318 pressu
402 2236 456 2299 sed
486 2239 525 2299 de
552 2238 733 2320 tragoediae
751 2244 840 2319 parte
869 2237 999 2318 quadam
1027 2236 1260 2319 intelligendum
1281 2251 1348 2298 esse

252 2327 388 2406 definitio
411 2331 556 2423 παρόδου
579 2361 658 2426 qnae
678 2345 781 2407 statim
805 2345 942 2426 seqnitur
965 2344 1107 2408 ostendit.
1164 2342 1346 2423 Aristopha-

251 2472 307 2515 nes
328 2453 510 2535 tragoediae
527 2453 654 2532 initinm,
675 2453 705 2517 h.
728 2473 755 2516 e.
778 2454 905 2535 primam
928 2453 1098 2515 orationem
1121 2452 1186 2514 eius
1209 2452 1260 2533 qui
1282 2452 1345 2533 pri·

251 2580 331 2622 mum
352 2560 523 2638 inducitur,
545 2554 699 2637 πρόλογον
721 2561 892 2641 appellavit
920 2561 953 2623 in
973 2556 1080 2625 Rudis
1108 2582 1138 2624 v.
1162 2567 1271 2638 lna,
1294 2559 1345 2623 uni

252 2667 429 2749 Euripidem
441 2668 587 2743 Aeschyli
601 2667 780 2748 tragoedias
796 2668 1004 2749 exagitantem
1026 2669 1102 2731 haec
1115 2670 1217 2730 dicere
1239 2668 1331 2730 fecitz

375 2774 431 2835 καί
448 2770 513 2854 μὴν
531 2768 579 2834 ἐπ’
601 2763 720 2845 αότοός
741 2768 815 2845 τοός
836 2770 1010 2854 προλόγους
1030 2797 1081 2837 σοι
1103 2776 1282 2856 τρέψομαι,

374 2869 460 2951 ὅπως
480 2874 515 2940 τό
540 2879 667 2960 πρῶτον
688 2880 743 2961 τῆς
766 2881 942 2964 τραγῳδίας
960 2882 1055 2961 μέρος

374 2982 552 3065 πρώτιστον
566 2984 667 3047 adrat
687 2988 832 3065 βασανιῶ
851 2987 908 3049 τοῦ
929 2987 1043 3063 datico.

250 3093 361 3157 lhidem
382 3115 450 3157 cum
470 3095 622 3172 Aeschylo
659 3096 840 3177 imperatum
875 3103 957 3159 esset
986 3103 1021 3160 nt
1042 3090 1194 3177 πρόλογον
1224 3097 1260 3160 ἐκ
1291 3097 1344 3179 τῆς

246 3197 424 3281 Ὀρεστείας
443 3204 609 3283 recitaret,
643 3204 698 3266 ille
716 3204 797 3266 dicto
817 3205 944 3267 audiens
967 3213 1031 3268 tres
1052 3226 1160 3269 versus
1183 3210 1234 3291 qni
1256 3210 1343 3292 primi
1429 3177 1431 3238 ό

249 3312 373 3373 suntin
393 3308 598 3394 canephoras
627 3332 665 3375 ac
697 3313 807 3375 deinde
843 3322 983 3397 quartum
1012 3322 1043 3377 et
1072 3317 1169 3399 quinti
1189 3318 1344 3381 dimidiam
1429 3285 1430 3380 ό

249 3427 367 3502 partem
401 3440 441 3483 ex
473 3422 613 3484 oratione
645 3423 764 3485 Orestis
794 3423 931 3504 protulit.
986 3439 1078 3486 verus
1098 3421 1283 3488 Aristoteles
1313 3427 1343 3489 in
1429 3449 1430 3488 l

250 3524 442 3591 Rhetoricis
464 3531 516 3607 ΙΙΙ,
541 3534 581 3591 14
601 3531 666 3593 init.
691 3531 825 3592 cuiusvis
846 3532 991 3593 carminis
1013 3533 1170 3596 exordium
1193 3528 1342 3612 πρόλογον
1429 3519 1430 3564 3

245 3641 357 3697 vocat:
376 3629 415 3693 ’τό
438 3635 497 3711 μὲν
517 3625 575 3695 σόν
593 3631 762 3712 προοίμιόν
778 3635 861 3697 ἐστιν
883 3631 966 3717 α’ρχῆ
982 3631 1089 3717 λόγου,
1113 3631 1189 3719 ὅπερ
1204 3639 1238 3700 ἐν
1253 3636 1343 3720 note}-

246 3761 297 3800 σει
320 3737 470 3823 πρόλογος
491 3740 546 3804 καί
574 3744 608 3804 ὲν
636 3739 766 3826 αὐλήσει
789 3744 984 3826 προαύλιον·
1034 3738 1220 3827 πάνταγὰρ
1242 3745 1345 3829 α’ρχαί

245 3847 331 3911 ταῦτ’
351 3852 429 3929 είσί,
459 3849 513 3911 καί
534 3845 599 3916 οἷον
621 3849 806 3936 όδοποίησις
823 3857 867 3940 τῷ
889 3851 1015 3921 ἐπιόντι.
1058 3858 1135 3921 haec
1156 3857 1341 3939 significatio

246 3959 361 4024 nomini
391 3960 483 4040 plane
515 3962 678 4025 convenit:
709 3956 863 4041 πρόλογος
896 3965 975 4026 enim
1005 3984 1042 4027 ea
1065 3972 1111 4026 cst
1141 3964 1243 4025 oratio
1265 3980 1343 4045 quae
1429 3999 1430 4094 p

245 4067 355 4129 ceteris
375 4068 471 4147 prius
489 4065 669 4129 admittitur.
713 4069 769 4130 sed
792 4068 819 4129 sl
841 4059 858 4126 δ
882 4066 972 4147 λόγος
992 4072 1156 4151 opponitur
1177 4070 1222 4153 τῷ
1243 4069 1339 4148 μέλει,

246 4174 395 4254 prologus
417 4193 455 4236 ea
479 4175 689 4255 complectitur
708 4193 787 4257 qnae
808 4182 884 4239 urite
900 4176 985 4239 chori
1007 4179 1170 4241 adventum
1191 4179 1225 4241 lu
1249 4196 1341 4240 scena

244 4287 454 4363 peraguntur,
480 4282 510 4347 lr.
534 4299 561 4344 e.
585 4300 662 4366 quae
684 4287 782 4380 prius
803 4284 945 4348 dicuntur
967 4302 1055 4368 quam
1078 4291 1186 4350 cantus
1209 4285 1338 4351 inchoa-
