2892 4917
424 319 796 391 inremuneratus.
820 328 871 389 25.
1123 325 1188 387 m
1228 326 1247 383 ⁰.

92 491 212 593 physio
227 499 469 574 inHomertces
490 515 700 595 quaestiones
711 457 838 593 nesepha
858 510 891 572 in
911 506 1035 572 scholiis
1055 508 1186 571 udilia-

6 663 8 714 2
90 621 159 681 dem
180 620 344 681 etiamnum
365 620 529 701 legamusi
550 622 604 682 sed
626 639 664 683 ea
685 622 754 701 ipsa
776 622 952 701 fragmenta
971 618 1016 680 ita
1036 617 1117 679 omni
1138 617 1186 681 iu·

6 723 7 764 1
91 728 177 810 genii
200 728 310 809 vigore
333 735 364 789 et
385 728 544 790 doctrinae
562 728 824 792 commendatione
845 733 961 801 carent,
981 731 1016 788 nt
1035 724 1119 787 niun·
1133 744 1186 788 co·

96 838 194 922 gran
212 825 311 917 possa
330 837 477 913 nunnus,
510 843 544 899 u
564 822 763 900 tustanum
782 837 815 898 u
835 834 1021 898 Aristotelis
1049 834 1188 915 reposto

94 927 182 1007 dudio
202 946 295 1008 modo
312 945 423 1025 possis.
465 947 539 1026 lege
559 964 638 1027 quae
660 948 836 1008 referuntur
854 943 949 1007 adB.
963 947 1014 1007 78.
1029 948 1098 1006 189.
1114 945 1187 1004 aaa

92 1056 252 1117 305849.
297 1053 329 1113 Γ
326 1101 334 1118 .
351 1060 424 1118 276.
439 1059 513 1117 277.
530 1059 601 1119 441.
645 1054 843 1118 msam
890 1050 927 1117 E.
941 1056 1014 1116 578.
1028 1056 1100 1113 741.
1114 1056 1187 1114 7781

91 1161 130 1223 Z.
151 1166 223 1224 284.
287 1161 333 1226 H.
355 1169 408 1226 98.
428 1169 500 1228 228.
565 1165 596 1226 -Ι,
621 1167 671 1226 17.
734 1161 777 1226 Κ.
807 1164 973 1226 158188.
1001 1164 1066 1222 252
1095 1164 1186 1240 (pag.

90 1270 240 1346 285h6).
284 1270 424 1335 11283.
470 1271 503 1335 Τ.
526 1277 597 1335 188.
651 1267 784 1335 musa.
830 1267 939 1334 5215.
963 1271 1035 1331 569.
1058 1302 1100 1314 -
1123 1267 1188 1331 Suo

92 1377 162 1440 iure
191 1377 289 1460 igitur
320 1384 464 1461 reeteque
490 1379 636 1442 hehrsius
659 1377 682 1453 3)
700 1377 886 1441 existimauit
913 1376 1074 1439 subditicio
1107 1375 1191 1438 lihro

5 1469 6 1548 Ῐ
92 1504 182 1548 usum
211 1504 280 1549 esse
303 1483 515 1565 Porphyrium.
568 1487 662 1566 plane
691 1487 772 1548 enirn
802 1485 949 1548 abhorret
980 1502 1001 1546 a
1029 1482 1187 1563 gravitate

5 1569 6 1584 ¹
91 1592 154 1655 viri
176 1610 256 1654 saun
273 1597 374 1654 mente
395 1598 427 1681 et
445 1593 513 1655 acri
532 1592 645 1655 iudicio
667 1594 801 1676 praediti
821 1610 888 1658 sem
905 1596 1070 1674 septemve
1088 1589 1189 1670 lihris,

92 1701 145 1762 vel
166 1698 261 1762 auirni
280 1699 401 1782 iocique
414 1719 518 1776 eausa,
535 1700 683 1764 eiusmodi
699 1701 869 1765 consectari
886 1718 986 1780 nugas
997 1705 1029 1760 et
1047 1698 1189 1779 ineptiam

92 1808 204 1889 quales
223 1826 263 1871 ex
282 1808 338 1871 illo
358 1808 537 1871 Aristotelis
559 1827 652 1890 opere
672 1810 868 1891 transcripsit
888 1807 1085 1889 Porphyrius.
1128 1805 1190 1869 its·

93 1931 155 1996 que
175 1912 236 1975 hoc
257 1918 435 1994 statuemus,
460 1915 623 1977 obscurum
654 1916 806 1996 quendam
827 1916 1059 1996 grammaticum
1079 1913 1191 1977 aetatis

94 2019 340 2102 Alexandrinae,
357 2039 424 2085 cum
443 2022 640 2103 quaestiones
661 2022 839 2085 Homericus
860 2023 892 2085 in
912 2041 1023 2104 corpus
1044 2025 1192 2086 collectas

93 2129 287 2209 redegisset,
321 2129 402 2191 falso
433 2135 560 2192 auctore
586 2128 735 2210 inscripto
769 2131 870 2193 fucum
890 2131 1001 2194 fecisse
1020 2132 1192 2195 hominihus

93 2235 230 2300 credulis
252 2241 284 2298 rt
304 2235 401 2298 diuini
420 2234 595 2317 philosophi
620 2254 732 2299 nomen
752 2237 981 2301 venerantibus.
1022 2238 1085 2302 iam
1105 2257 1191 2315 uem,

4 2323 6 2352 ¹
93 2349 125 2407 et
144 2342 206 2405 hue
227 2343 261 2407 in
280 2362 349 2407 mea
374 2361 469 2407 causa
497 2343 687 2424 potissimum
712 2345 830 2409 attendi
850 2347 942 2426 volo,
961 2345 1039 2408 duae
1058 2341 1191 2425 α’νιορίαι

94 2456 125 2513 et
145 2451 228 2515 duae
260 2444 367 2521 λύσεις
389 2469 409 2513 a
430 2451 603 2532 Porphyris
631 2470 671 2517 ex
693 2451 749 2515 illo
770 2452 946 2515 Aristotelis
978 2472 1071 2534 opere
1101 2458 1189 2517 tran·

93 2557 229 2639 scriptae
250 2558 305 2638 (ad
325 2555 426 2623 Iliad.
438 2558 481 2623 K.
493 2562 564 2624 152.
581 2565 690 2642 ‘pm
704 2560 778 2624 um
797 2566 829 2623 et
848 2562 889 2625 ad
905 2561 948 2623 K.
960 2565 1032 2626 252.
1054 2582 1085 2642 p.
1098 2561 1191 2625 2851

3 2703 4 2752 p
92 2665 129 2746 6)
151 2667 274 2732 omniuo
296 2668 567 2732 consentiuntcum
587 2668 706 2733 duahus
718 2669 815 2734 isdem
833 2668 1063 2734 difficultatibus
1084 2677 1116 2732 et
1136 2689 1188 2732 so·

3 2837 4 2840 ,
94 2773 262 2839 lutionihus
284 2792 364 2857 quae
383 2775 418 2840 in
437 2776 525 2839 huius
547 2777 657 2859 capitis
677 2775 886 2859 paragraphis
906 2781 972 2839 tet
985 2783 1036 2841 18.
1056 2778 1188 2841 aderun-

136 3065 165 3138 3)
185 3066 227 3119 De
246 3066 404 3121 Aristarchi
422 3066 494 3120 stud.
511 3068 591 3120 Hom.
609 3083 637 3138 p·
658 3067 730 3119 227:
745 3064 924 3137 “Saepissime
941 3051 1095 3118 Aristotelis
1108 3062 1192 3137 Ὁμη-

200 3152 266 3234 ρικᾶ
284 3160 423 3235 ζητήματα
440 3180 456 3213 a
473 3161 622 3232 Porphyris
640 3162 669 3212 in
689 3163 887 3214 commentariis
904 3163 1053 3213 Homericis
1071 3167 1190 3214 afferun-

198 3267 242 3309 tur
263 3266 307 3320 nt,
335 3259 358 3308 si
376 3256 488 3327 quidem
506 3274 537 3308 ea
556 3257 675 3325 genuina
693 3266 764 3319 sunt,
783 3256 857 3306 haud
874 3256 1069 3306 contemnenda
1090 3274 1122 3308 en
1139 3255 1192 3307 hoc
1287 3265 1289 3268 ’

196 3352 267 3404 libro
295 3352 380 3403 hodie
409 3353 515 3403 exstent
542 3352 700 3420 fragmenta.
746 3350 794 3402 sed
823 3350 951 3420 equidem
972 3351 1093 3402 nondum
1112 3352 1189 3420 potui

199 3447 266 3499 mihi
295 3447 474 3518 persuadere,
500 3457 556 3498 non
574 3445 718 3498 subditicio
738 3445 810 3498 libro
829 3462 984 3497 usumoesse
1002 3445 1189 3515 Porphyrium.
1232 3515 1236 3522 Ι

196 3543 351 3596 tamomnia
371 3545 396 3595 ei
416 3550 625 3596 commemorata
638 3543 731 3596 ieiuna
751 3549 814 3596 sunt
832 3551 914 3612 atque
934 3541 968 3592 ab
977 3542 1128 3596 Aristotelis
1148 3543 1192 3596 in-

198 3641 277 3708 genie
297 3647 325 3691 et
346 3638 467 3692 doctrina
488 3639 586 3690 alienu.
622 3636 744 3709 denique
758 3655 806 3689 cur
823 3655 839 3688 a
857 3638 1112 3691 commentatoribus
1131 3638 1190 3692 Hs·

197 3736 301 3787 mericis
320 3736 487 3806 reliquisque
505 3735 660 3788 Homericus
680 3735 855 3805 quaestiones
873 3714 1065 3796 tractantib⁸us5
1078 3742 1109 3786 ut
1128 3735 1191 3786 Plu-

199 3809 359 3893 tarchophic
379 3830 451 3881 liber
469 3847 609 3900 nunquam
629 3830 666 3880 sd
684 3838 775 3900 partes
793 3838 913 3892 vocatus,
932 3847 946 3880 a
963 3829 1022 3879 solo
1043 3829 1191 3898 Porphyrio

195 3925 352 3979 adscitus?’'
395 3925 462 3977 haec
488 3911 624 3979 hehrsins.
644 3941 693 3994 ego
721 3903 886 3979 mohendum
912 3933 1048 3994 praeterea
1068 3911 1191 3997 erpisfimo

176 4007 230 4072 ⁴ne
249 4020 432 4088 Phrynichum
451 4021 561 4090 quidem
581 4022 635 4072 suis
652 4021 738 4072 oculis
756 4021 855 4073 vidisse
876 4019 973 4071 librum
994 4021 1074 4070 istum
1092 4017 1189 4090 ohscu-

198 4126 304 4169 mmet
327 4116 396 4169 falso
426 4118 535 4168 nomine
557 4116 742 4169 venditatum:
763 4118 865 4188 quippe
895 4115 1007 4168 scribit:
1021 4113 1191 4185 βασίλισσάν

199 4221 294 4284 φασι
320 4248 407 4270 ....
428 4211 616 4287 Ἀριστοτέλην
643 4214 675 4271 ἐν
688 4210 881 4287 τοῖςὉμὴρου
906 4209 1092 4284 ἅπορῆμασιὶι
1118 4213 1192 4284 ripp-

198 4314 287 4369 atsur.
