2892 4917
260 295 325 364 21⁶
628 297 955 364 COMMENTARIVS

261 501 296 546 se
317 481 402 547 edita
415 477 530 562 (Ἰλίαν
552 471 852 568 πέρσιιἸιισστλρλαι
866 485 962 550 inisse
975 501 1075 568 neque
1088 483 1273 568 biue'neque
1294 485 1361 549 alio

263 591 377 656 indicio
397 592 533 682 coronat)
562 598 660 657 totam
679 594 793 660 excidii
812 594 899 659 urbis
918 593 1034 658 Troiae
1054 593 1215 658 historiam
1233 594 1362 657 videtum

264 699 655 782 mprobenumsverbt
682 719 778 767 caua
799 703 859 768 illa
879 720 959 786 quae
979 702 1102 792 Priamo
1121 701 1253 785 indigua
1274 702 1362 766 acci-

259 807 390 888 demt,
421 826 502 892 qnae
521 807 701 875 &mandra
732 818 765 874 et
784 809 948 890 Astyanax
975 808 1090 893 alique
1107 811 1246 893 perpessi
1265 816 1362 890 sunt,

260 934 340 1000 quae
362 917 467 981 Ulixes
489 923 521 980 et
540 916 623 983 Aiax
643 926 674 982 et
695 918 886 1003 Agamemno
913 924 1181 1001 perpetraverunt
1223 937 1265 981 ox
1286 937 1363 981 ver-

258 1021 308 1088 bis
336 1021 480 1097 ἔξέπιαιι
497 1023 534 1087 ἐν
553 1018 653 1110 τούτῳ
672 1019 762 1111 μόνρ
794 1027 987 1107 recolligas
1015 1025 1209 1109 Agatlronem
1229 1029 1362 1090 vicisse
1440 1031 1441 1072 ἐ

137 1137 142 1152 ’
258 1134 291 1197 in
316 1133 427 1196 ceteris
459 1134 524 1198 suis
554 1134 669 1198 fabulis
688 1135 847 1199 omnibns:
879 1134 990 1218 quippe
1019 1133 1120 1217 potnit
1147 1133 1179 1197 in
1199 1135 1363 1200 nonnullis

257 1238 361 1312 κακῶς
381 1235 604 1320 ἀγωνίζεσθαι.

257 1399 260 1405 ,
340 1338 1362 1430 ὃνδὲταῑςπαριπατιίαις·αἶνβούλονταιθαα-

256 1454 452 1532 μαστοῖςι
474 1458 502 1521 si
516 1476 619 1521 rerum
638 1460 855 1524 conversiones
873 1453 929 1540 dai
949 1455 1162 1540 περιπέτειαι)
1185 1464 1257 1521 sunt
1276 1459 1362 1521 eins-

257 1566 340 1631 nodi
359 1569 394 1629 ul
415 1565 605 1647 simplicibus
619 1566 710 1629 factis
732 1562 860 1645 (ἁπλοῖς
873 1560 1071 1647 πράγμασιν)
1094 1568 1250 1643 eveniant,
1272 1566 1359 1649 quud

256 1675 293 1737 bt
312 1674 363 1737 ubi
396 1673 571 1738 mario
592 1673 645 1739 vel
678 1674 883 1755 probabiliter
912 1674 1073 1753 accidunt,
1100 1671 1212 1755 poetae
1241 1674 1360 1756 tragici

259 1782 450 1866 propositum
482 1800 570 1845 suum
591 1781 706 1863 optime
726 1791 960 1865 consequuntur.
1013 1781 1163 1864 iutelligit
1185 1781 1282 1863 igitur
1302 1801 1360 1845 cas

258 1886 458 1969 περιπετείας
478 1908 557 1971 quae
579 1882 690 1962 ἁπλαῖς
709 1885 893 1971 πράγμασι,
925 1909 988 1955 uun
1007 1884 1187 1969 συστήματι
1211 1881 1358 1966 nolano·

257 1998 332 2080 θα,
352 1998 556 2077 conducatur,
577 2003 670 2080 atque
689 1998 768 2061 baec
788 1997 857 2081 ipsa
876 1994 964 2059 ἁπλᾶ
986 1993 1158 2078 πράγματα
1179 2016 1242 2060 non
1261 1990 1361 2082 μύθῳ

259 2104 461 2191 πιπλαμμὲιιρ
493 2107 548 2169 sed
577 2101 756 2186 συστήματι
790 2098 967 2190 aaronem
989 2107 1133 2188 opposita
1152 2105 1286 2187 cogitari
1304 2105 1362 2167 de-

262 2214 346 2277 bent.
369 2215 434 2278 nuli
453 2215 553 2298 igitur
571 2216 760 2278 confundere
780 2209 867 2274 dulei
885 2206 1055 2294 πράγματα
1078 2232 1145 2276 cum
1166 2209 1254 2296 ἁπλῇ
1275 2206 1361 2289 πρά-

259 2323 312 2397 ξει
334 2324 400 2388 sive
417 2318 509 2409 ἁπλῷ
519 2315 624 2408 μα’θιρ
645 2324 729 2400 (vide
749 2343 776 2387 c.
797 2329 838 2387 10
849 2327 941 2398 et11)
962 2341 1061 2405 neque
1079 2329 1216 2386 statuere
1235 2321 1365 2385 Aristo-

256 2434 357 2496 ·telem
376 2439 486 2498 contra
507 2433 591 2515 loqui
603 2432 825 2512 e13,2.,ubi
847 2432 1026 2514 pronuntiat
1044 2422 1270 2514 pulcherrimae
1292 2436 1362 2494 tra-

262 2542 396 2624 goediae
416 2541 554 2605 tabulam
585 2539 712 2618 (μῦθοι)
744 2540 909 2623 implexam
930 2558 1017 2621 csse,
1036 2559 1099 2604 nou
1118 2540 1295 2621 sinplicem.
1319 2575 1361 2587 -—

261 2644 466 2729 τραγικὸν
495 2644 572 2728 γαρ
600 2646 728 2710 ταῦτα
758 2645 830 2708 κατ’
859 2641 1186 2731 φιλάνθρωπαατ
1207 2648 1364 2731 nagream
1442 2729 1443 2732 ρ

263 2755 324 2821 boe
343 2764 408 2837 est,
436 2758 509 2840 quia
537 2757 688 2822 eiusmodi
710 2760 797 2823 facta
825 2759 964 2821 timorem
984 2754 1273 2839 miserationemque
1296 2777 1364 2841 mo-
1442 2771 1443 2784 ¹

263 2872 349 2929 vent.
391 2884 462 2931 nam
483 2865 635 2948 simplicia
654 2887 721 2930 cum
751 2873 884 2931 naturae
903 2866 1120 2929 convenienter
1139 2865 1205 2928 lieri
1226 2866 1360 2941 soleant,

264 2974 380 3039 similia
399 2974 497 3038 mins
519 2976 659 3039 accidere
680 2983 820 3056 possunt
851 2975 923 3037 inde
942 2974 1034 3038 timor
1055 2974 1088 3037 in
1106 2973 1196 3040 uobis
1218 2977 1250 3035 et
1272 2972 1364 3036 simui

265 3082 397 3143 aliorum
417 3080 573 3144 miseratio
593 3083 749 3160 nescitum
771 3083 819 3146 sin
836 3085 952 3163 minus,
975 3089 1059 3145 certe
1081 3100 1190 3145 seusus
1209 3081 1373 3176 humanus

262 3190 414 3270 tangitur.
548 3241 551 3246 .

348 3295 377 3378 §2
399 3303 431 3361 6.
481 3290 642 3359 ἔστιδὲ
673 3289 989 3371 τοῦτο-ἄδικος
1010 3296 1054 3359 δὲ
1084 3292 1261 3381 ἧττηθῇι
1285 3298 1363 3361 baec

263 3405 386 3469 nonnisi
418 3406 460 3469 ad
481 3399 516 3466 τὸ
552 3399 782 3486 φιλάνθρωποι
802 3408 964 3489 pertinent
1017 3407 1044 3471 si
1066 3407 1201 3488 prudens
1221 3406 1382 3487 idemque·

264 3533 380 3596 pravus
402 3514 590 3596 decipiatur,
607 3521 639 3576 et
659 3515 750 3578 fortis
769 3515 907 3598 idemque
928 3516 1058 3579 iniustus
1080 3515 1231 3595 vincanu,
1252 3515 1282 3577 is
1302 3515 1360 3577 mi·

265 3623 451 3685 serationem
484 3628 623 3686 nostram
644 3624 783 3687 excitare
812 3623 926 3706 nequit,
949 3642 1016 3687 cum
1036 3622 1211 3686 innocentia
1232 3622 1264 3684 ei
1283 3621 1364 3684 desit

268 3729 342 3803 (vid.
365 3749 391 3793 c.
413 3736 463 3809 13,
478 3718 525 3811 a),
545 3731 601 3794 sed
625 3731 759 3795 animum
774 3730 938 3796 bumanurn
959 3731 1106 3796 eiusmodi
1121 3750 1212 3795 casus
1228 3735 1364 3814 tangere

270 3844 303 3901 et
324 3857 449 3901 movere
473 3841 563 3904 solet.
1243 3836 1245 3842 ’

354 3937 444 4007 ἔστι
470 3942 514 4007 dd
537 3946 658 4008 ταῦτα
676 3938 936 4027 εἰκός-παραὶ
955 3938 998 4007 τὸ
1020 3940 1156 4017 adaia:
1177 3952 1211 4018 ut
1230 3947 1365 4028 pnrdens

268 4054 439 4138 decipiatur
459 4060 490 4118 et
510 4053 600 4118 furtis
622 4062 802 4138 superetur,
829 4075 892 4119 non
913 4074 1006 4138 saepe
1028 4056 1148 4139 quidem
1170 4058 1286 4136 evenit,
1307 4058 1363 4120 sed

268 4181 326 4247 per
342 4182 417 4226 sese
437 4173 499 4227 non
519 4170 641 4245 pugnat
658 4169 768 4228 contra
788 4164 1044 4246 probabilitatem.
1076 4164 1135 4227 buc
1155 4166 1294 4230 breviter
1313 4166 1364 4227 vi-

267 4272 359 4336 detur
377 4290 504 4355 monere
524 4273 669 4352 voluisse,
690 4293 730 4338 ne
752 4275 819 4358 quis
838 4274 984 4339 eiusmodi
999 4291 1050 4339 res
1070 4292 1200 4358 peccare
1221 4276 1254 4340 in
1275 4276 1364 4357 leges
