2892 4917
429 308 547 376 ΠΕΡΙ
566 297 844 374 ΠΟΙΗΤΙίίΗΣ
1144 313 1186 376 13

97 515 156 555 των
175 487 230 554 καί
248 486 309 566 τάς
321 488 451 574 πράξεις
469 482 554 552 εἶναί
564 510 671 573 φαμεν
688 484 782 561 ποιάς
793 489 914 570 τινας),
936 485 1081 572 πέφυκεν
1097 483 1186 550 αἴτια

98 608 155 669 daia
177 607 241 669 τῦν
261 603 407 689 πράξεων
428 597 519 685 εἶναι,
542 603 667 670 διάνοια
688 608 745 669 καί
770 597 868 688 ἦθος,
888 608 946 669 καί
964 601 1045 669 κατά
1068 604 1188 679 ταύτας

97 725 150 787 ναί
165 720 360 805 τυγχάνουσι
384 723 439 787 καί
465 721 721 804 ἀποτυγχάνουσι
741 719 863 797 πάντες.
907 716 973 784 ἔστι
994 723 1030 784 di
1050 722 1106 803 τῆς
1127 722 1216 800 μὲν6

98 838 243 940 πράξειας1
270 834 409 916 ὁμῦθος
431 835 451 922 ἦ
472 839 625 921 μίμησις·
681 839 762 918 λέγω
784 834 844 918 γάρ
874 841 982 917 μῦθον
1001 840 1110 900 τοῦτον
1130 831 1192 918 τάν

78 950 247 1019 sodimon
265 956 329 1018 ττῦν
348 948 556 1036 παργμάτονν,
586 949 623 1018 τά
651 954 687 1017 δὲ
709 944 794 1037 ἤθη,
822 954 895 1016 καθ’
926 947 1080 1026 άποιοάς
1099 972 1190 1024 τινας

98 1065 180 1134 εἶναί
196 1091 306 1154 φαμεν
333 1067 406 1144 τοῦς
426 1063 641 1153 πράττοντας,
672 1069 816 1131 διάνοιαν
837 1069 892 1146 δὲ,
915 1068 951 1132 ἐν
976 1063 1064 1143 ῦσοις
1083 1069 1189 1148 λέγον·

99 1209 145 1262 τις
172 1183 407 1249 άποδεικνῦασί
426 1207 456 1248 τι
486 1178 507 1268 ἢ
539 1180 597 1274 γαί
622 1182 852 1268 ἀποφαίνονται
882 1180 1018 1266 γνώμην.
1067 1172 1214 1270 α’νάγκιγγ

100 1296 153 1367 οῦν
170 1299 274 1386 πάσης
290 1301 468 1389 τραγῳδίας
496 1302 579 1385 μέρη
608 1292 690 1364 εἶναι
708 1302 760 1381 ἓξ,
791 1302 866 1362 καθ’
895 1296 1013 1363 άποιά
1032 1320 1082 1373 τις
1102 1293 1190 1361 ἐστὶν

100 1417 119 1505 ἦ
145 1414 331 1505 τραγῳδία·
373 1418 476 1482 ταῦτα
507 1418 538 1481 δ’
561 1418 630 1483 ἐστι’
657 1417 761 1497 μῦθος
787 1418 844 1480 κατ’
864 1408 929 1499 ἤθη
959 1411 1015 1478 καί
1033 1415 1116 1491 λέξις
1134 1408 1192 1476 κατ’

68 1561 94 1600 ιο
102 1531 222 1600 διάνοια
243 1535 299 1598 καί
311 1525 387 1616 ὄψις
406 1533 462 1595 καί
471 1532 649 1612 μελοποιία.
691 1525 738 1607 οἷς
756 1533 816 1612 μὲν
836 1529 897 1615 γάρ
920 1531 1107 1612 μιμοῦνται,
1128 1527 1189 1592 ῦῦο

100 1653 179 1736 μέρη
200 1653 295 1731 ἐστίν,
318 1647 362 1725 ὥς
384 1649 420 1712 lt
441 1650 630 1730 μιμοῦνται,
649 1648 701 1728 ἓν,
722 1645 746 1710 ά
767 1649 803 1712 δὲ
823 1647 1005 1729 μιμοῦνται,
1023 1648 1109 1731 τρία,
1134 1641 1190 1708 καί
1295 1679 1298 1683 -

100 1765 185 1853 παρά
214 1769 318 1832 ταῦτα
340 1764 442 1831 οῦδὲν.
484 1762 622 1852 [τούτοις
641 1767 701 1847 μὲν
722 1754 780 1828 οῦν
808 1763 866 1828 οῦκ
896 1762 998 1847 ὀλίγοι
1018 1758 1124 1827 αάτοῦν
1144 1761 1217 1838 τῦς8

101 1885 196 1949 εἰπεῖν
215 1887 385 1968 κέχρηνται
412 1889 476 1956 τοῖς
495 1876 632 1945 εἴδεσιν·
675 1883 733 1946 κατ’
759 1876 820 1967 γάρ
849 1873 941 1961 ῦψεις
963 1877 1030 1963 ἔχει
1051 1879 1115 1943 πάν
1135 1881 1192 1943 καὶ

101 1992 179 2085 ἦθος
201 2004 257 2066 κατ’
275 1994 383 2081 μάθον
397 1996 459 2062 ’καί
477 2000 559 2072 λίξιν
581 1994 638 2061 καί
654 1995 825 2092 adloquar*
845 1996 989 2062 διάνοιαν
1010 1994 1188 2083 ὡσαύτως]

15 2145 16 2202 j
71 2116 245 2199 ιόμέγιστον
272 2116 308 2179 di
339 2113 459 2177 τούτων
485 2110 572 2177 ἐστίν
603 2111 708 2196 droia
737 2111 933 2197 πραγμάτων
951 2110 1123 2189 σάστασις·
1168 2112 1219 2198 ἧς)

102 2226 158 2318 γάρ
179 2232 348 2320 ,τραγῳδία
373 2230 507 2315 μίμησίς
526 2232 613 2295 ἐστιν
644 2231 703 2293 οιίι
731 2230 910 2315 α’νθράπων
935 2229 1016 2296 ets&
1048 2228 1191 2317 πράξεως

168 2433 193 2485 5.
211 2426 231 2484 οἳ
250 2432 322 2484 GP:
345 2427 549 2487 dchchcum
563 2429 709 2501 plerisque.
781 2429 807 2482 8.
826 2423 953 2512 tardus:
971 2426 986 2485 ὃ
1003 2430 1111 2483 Aescu:
1128 2446 1189 2483 eum

169 2528 318 2599 plerisque.

106 2698 192 2760 etiam
216 2699 355 2762 actiones
376 2700 533 2784 qualitatis
568 2699 726 2762 cuiusdam
747 2722 810 2762 esse
829 2699 991 2781 dicimus),
1014 2701 1089 2763 duas
1110 2721 1190 2763 con.

105 2810 280 2862 sentaneum
312 2808 357 2862 est
380 2801 538 2862 actionum
559 2822 662 2862 causas
681 2822 761 2876 esse,
783 2801 968 2862 sententiam
989 2811 1021 2862 et
1039 2801 1191 2864 moralem

104 2898 259 2978 habitum,
283 2911 314 2962 et
335 2901 505 2963 secundum
524 2902 600 2962 haec
619 2923 722 2963 omnes
746 2904 838 2962 finem
862 2912 894 2963 et
916 2903 1073 2984 attingunt
1096 2911 1130 2963 et
1149 2904 1190 2964 ab

104 3020 139 3060 eo
159 3001 319 3062 aberrant.
373 3012 418 3063 est
439 3011 543 3063 autem
558 3003 662 3063 fabula
683 3002 814 3062 actionis
837 2995 989 3063 imitatio:
1013 3004 1085 3063 dico
1107 3002 1191 3064 enim

102 3099 235 3162 fabulam
253 3100 334 3162 hanc
356 3103 617 3183 compositionem
635 3103 802 3179 factorum,
823 3125 926 3163 mores
943 3111 1056 3180 autem,
1077 3124 1191 3164 secun.

102 3200 172 3264 dum
193 3223 275 3285 quos
307 3203 462 3286 qualitatis
493 3202 653 3263 cuiusdam
674 3222 736 3263 esse
757 3210 879 3284 agentes
902 3200 1041 3280 dicimus,
1063 3212 1192 3265 senten.

102 3301 175 3361 tiam
187 3311 302 3378 autem,
324 3301 379 3362 uhi
399 3301 534 3364 dicentes
554 3301 671 3384 aliquid
687 3302 902 3362 demonstrant
922 3310 977 3361 aut
998 3302 1091 3363 etiam
1113 3302 1192 3385 quid

102 3402 273 3463 existiment
305 3400 473 3464 declarent.
522 3402 628 3484 itaque
657 3422 778 3463 necesse
804 3409 867 3478 est,
896 3411 931 3462 ut
951 3401 1099 3484 cuiusque
1121 3411 1191 3462 tra.

102 3501 227 3581 goediae
251 3510 355 3583 partes
376 3502 438 3564 sint
458 3524 523 3579 sex,
554 3502 666 3584 quibus
690 3502 869 3586 qualitatem
901 3501 1058 3584 quandam
1085 3502 1191 3562 nanci·
1259 3572 1262 3576 ,

103 3601 197 3663 scitur
222 3601 404 3685 tragoedias
431 3601 489 3664 hae
509 3610 614 3663 autem
637 3612 709 3663 sunt
728 3603 835 3663 sabula
865 3608 898 3663 et
917 3621 1021 3662 mores
1039 3611 1072 3663 et
1092 3599 1191 3664 dictio

104 3711 134 3762 et
154 3703 306 3764 sententia
328 3710 361 3763 et
381 3704 592 3784 spectaculum
605 3711 637 3763 et
648 3701 835 3783 melopoeia.
877 3701 992 3783 quibus
1011 3702 1096 3762 enim
1117 3702 1192 3762 imi.

104 3808 226 3879 tantur,
256 3801 337 3863 duae
365 3810 469 3886 partes
499 3813 587 3878 sunt,
621 3801 782 3885 quomodo
807 3800 986 3880 imitantur,
1008 3823 1088 3881 una,
1111 3822 1192 3886 quae

105 3899 273 3980 imitantur,
297 3913 370 3982 tres,
391 3911 424 3964 et
444 3911 573 3985 praeter
596 3902 673 3964 haec
694 3903 788 3963 nulla.
813 3901 873 3984 [his
894 3902 993 3986 igitur
1013 3924 1076 3965 aon
1096 3901 1192 3985 pauci

108 4018 229 4079 eorum,
251 4011 288 4063 at
315 4002 359 4063 ita
381 4000 501 4081 dicam,
531 4002 577 4064 usi
606 4012 679 4064 sunt
699 4001 821 4063 formis:
852 4025 987 4087 namque
1014 4005 1193 4086 spectacula

107 4102 196 4165 habet
207 4101 429 4189 quodcumque
449 4114 481 4166 ct
501 4123 604 4165 mores
624 4112 656 4165 et
675 4104 811 4164 fabulam
825 4112 857 4165 et
870 4103 1040 4166 dictionem
1063 4111 1096 4166 et
1116 4124 1192 4165 can.

110 4213 171 4265 tum
192 4212 222 4266 et
241 4204 423 4265 sententiam
444 4203 554 4268 eodem
582 4203 703 4287 modo]
747 4226 902 4265 summum
921 4225 999 4267 vero
1022 4225 1057 4265 ex
1078 4203 1127 4265 his
1145 4205 1193 4264 fa·

111 4312 227 4367 storum
247 4304 450 4388 compositio:
484 4305 647 4391 tragoedia
667 4306 748 4370 enim
770 4304 904 4368 imitatio
936 4314 981 4369 est
1001 4326 1065 4368 non
1088 4304 1193 4369 homi·
