2892 4917
210 324 313 387 ‚as
411 265 422 282 ⁰
644 273 990 406 Ανηέτοτεηονε

207 499 214 510 '
268 497 448 564 όπεναντία.
491 506 621 582 σημεῖον
642 498 677 561 «Ji
699 496 815 562 τούτου
836 495 857 561 ό
877 501 1044 578 έπετιμιῖιο
1070 499 1241 588 Καρκίνῳ·
1261 496 1281 561 ό
1303 496 1365 583 peip

268 612 469 701 Ἀμφιάραος
492 618 525 694 ἑξ
543 607 635 698 ’λεροό
655 615 762 702 depici,
794 612 812 677 ό
831 614 875 700 μη
899 615 1023 698 όριόντα
1051 616 1108 683 τόν
1128 613 1251 700 θεατήν
1272 614 1366 680 ἑλόν-

267 737 375 815 θανεν,
394 736 449 798 έπέ
467 735 503 796 δέ
519 733 575 817 τῆς
593 735 708 818 σκηνῆς
736 734 882 812 ἐξέπεσε,
912 733 1174 818 δυσχερανάντων
1192 735 1284 798 τοῦτο
1304 735 1367 798 τῶν

267 854 426 936 θεατῶν),
447 845 507 916 όσα
529 852 566 914 δέ
585 848 739 932 όυνατόν,
765 849 820 915 καί
837 835 901 927 τοῖς
921 851 1064 934 σχήμασι
1085 848 1367 933 συναπεργαζόμε·

241 989 334 1032 πνον.
378 963 594 1033 πιθανώτατοι
613 967 675 1051 γὰρ
696 964 757 1031 όπό
779 969 833 1052 της
846 967 945 1048 αότῆς
965 965 1093 1053 φόσεαις
1113 964 1144 1031 οἱ
1163 969 1198 1031 έν
1217 975 1284 1039 τοῖς
1306 961 1387 1028 πελ-5

269 1086 362 1150 θεσίν
385 1088 466 1166 εἰσι,
496 1083 552 1149 καί
575 1065 732 1166 χειμαίνει
762 1083 779 1146 ό
799 1082 1033 1167 χειμαζόμενος
1061 1083 1118 1148 καί
1140 1075 1366 1165 χαλεπαίνειὸ

269 1198 470 1286 ὀργιζόμενος
498 1197 754 1285 όληθινιότατα.’
782 1198 831 1264 διὸ
860 1202 1004 1286 εόφυοῦς
1027 1196 1048 1283 ἧ
1069 1195 1214 1283 ποιητική
1237 1192 1368 1279 ἑστινῆ

267 1319 421 1399 μανικοῦ·
472 1313 592 1381 τοότιυν
620 1315 680 1402 γὰρ
713 1313 743 1381 οἱ
775 1322 834 1398 μὲν
859 1309 1028 1380 εόπλαστοι
1058 1313 1088 1379 oi
1116 1317 1152 1379 δέ
1174 1315 1370 1391 ἕξεταστικοί

190 1487 192 1490 .
241 1436 360 1499 δείσιν.
403 1429 537 1510 τούτους
554 1456 590 1498 τε
609 1434 723 1517 λόγους
745 1431 801 1496 καί
815 1411 890 1509 νοός
910 1435 1139 1518 πεποιημένους
1160 1432 1289 1494 θεῖναί
1307 1429 1366 1493 ου’-

268 1547 323 1616 τόν
344 1553 494 1614 ποιοῦντα
515 1550 697 1614 ἐκτίθεσθαι
720 1549 875 1632 καθόλου,
896 1544 957 1613 εἶθ’
978 1544 1078 1624 οὕτως
1095 1549 1298 1612 ’έπεισοόιοόν
1315 1547 1369 1609 καί
1379 1571 1404 1604 ιο

266 1659 476 1750 παρατείνειν.
518 1669 598 1748 λέγω
620 1668 655 1731 όὲ
679 1663 777 1741 οὕτως
799 1660 840 1729 όν
859 1668 1054 1750 θεωρεῖσθαι
1066 1662 1103 1729 τό
1123 1660 1278 1744 ’καθόλου
1301 1656 1368 1728 οἷον

267 1777 537 1867 τῆς”Ιφιγενειἰις.
563 1785 715 1866 τυθείσης
736 1782 822 1858 τινός
844 1782 939 1866 κόρης
950 1779 1006 1846 καί
1025 1779 1262 1866 ἀφανισθείσης
1283 1773 1366 1863 ‹iiij-

269 1904 332 1970 λαις
353 1906 419 1973 τοῖς
436 1895 585 1980 θόσασιν,
606 1897 810 1983 ἱόρυνθείσης
830 1901 865 1962 δὲ
885 1902 930 1974 είς
947 1892 1050 1983 ’ἄλλην
1066 1896 1189 1980 χώραν,
1212 1899 1247 1961 έν
1268 1889 1292 1984 ᾗ
1315 1894 1367 1961 νό-

269 2038 329 2095 μος
353 2007 390 2099 ἧν
411 2011 484 2090 τοός
504 2019 610 2095 ξένους
638 2013 733 2080 θόειν
752 2019 791 2102 τῇ
811 2020 892 2102 θεῷ,
913 2014 1031 2094 τυότην
1055 2013 1131 2096 ἔσχε
1151 2011 1209 2097 την
1230 2011 1366 2096 ἱερωσό-

269 2155 337 2217 νην.
395 2130 501 2221 χρόνῳ
535 2134 566 2197 δ’
596 2129 731 2219 ὕστερον
769 2136 812 2219 τῷ
843 2136 973 2220 α’όελφηῖ
1000 2131 1117 2216 συνέβη
1147 2131 1282 2218 [ἐλθεῖν]
1312 2131 1402 2213 vicit

342 2339 365 2389 1.
386 2337 533 2410 ἐπετιμότο
551 2337 701 2389 Victorius:
721 2337 827 2389 codices
847 2345 875 2388 et
893 2336 977 2387 altus
996 2337 1110 2408 ἐπιτιμᾷ
1130 2334 1176 2406 τῷ.
1227 2335 1253 2388 2.
1275 2332 1362 2407 α’νῄειλ

340 2433 419 2499 α’νείη
437 2433 533 2499 hiduo,
552 2431 589 2491 όν
605 2438 646 2500 εἴη
664 2434 773 2484 Aenona
791 2441 819 2484 et
837 2433 904 2502 LQ.
993 2431 1018 2483 9.
1037 2431 1122 2482 Aldus
1138 2431 1202 2491 ιοός
1215 2447 1245 2483 τε
1263 2429 1364 2499 λόγους

339 2523 413 2588 τοὺς.
430 2529 485 2583 vid.
505 2529 693 2580 Comment.
768 2529 809 2578 11.
829 2532 1012 2598 παρατείνειν
1024 2527 1176 2578 Victorius:
1196 2531 1364 2597 περιτελνειν

341 2626 411 2674 ΑσΒσ
429 2633 457 2676 et
477 2624 614 2695 plerique,
633 2629 802 2695 περιτείρειν
821 2624 869 2688 Na,
887 2628 1068 2695 παρενείρειν
1084 2621 1177 2674 Aldus.

670 2709 679 2738 ἱ

270 2800 391 2880 signnm
418 2806 522 2858 autem
552 2796 642 2858 huius
671 2796 717 2858 rei
750 2806 794 2859 est
827 2797 913 2881 quod
942 2797 1076 2859 Careino
1104 2795 1181 2857 vitio
1211 2794 1364 2855 dabatur:

270 2899 475 2979 Amphiaraus
498 2899 579 2958 enim
604 2920 639 2959 ex
661 2898 793 2960 delnhro
816 2899 969 2975 rediebat,
994 2899 1026 2957 id
1047 2896 1134 2979 quod
1157 2904 1365 2976 spectatorem

272 2995 334 3059 hon
360 3000 579 3081 adspicientern
603 3000 734 3076 latebat,
764 3009 796 3060 et
818 3001 848 3058 in
876 3022 966 3061 sceno
990 3020 1052 3058 non
1072 2997 1166 3074 stetit,
1188 3018 1282 3077 aegre
1305 2997 1366 3057 hoc

269 3100 497 3181 spectatoribus
519 3099 719 3176 ferentibus),
741 3109 894 3181 quantum
917 3110 1021 3159 autem
1042 3098 1109 3159 sieri
1133 3106 1246 3178 potest,
1270 3099 1366 3185 etiam

271 3201 415 3282 corporis
448 3201 558 3262 habitu
579 3201 668 3260 simui
699 3208 892 3280 operantem.
937 3223 1008 3259 nam
1029 3201 1170 3281 proxime
1192 3199 1232 3258 ad
1255 3220 1367 3258 verum

271 3302 432 3379 accedunt,
454 3301 589 3363 eiusdem
612 3299 736 3383 quidem
752 3300 865 3382 ingenii
881 3300 1038 3376 homines,
1060 3300 1114 3382 qui
1138 3300 1243 3359 animo
1274 3321 1366 3360 com-

270 3406 346 3464 rnoti
358 3453 368 3482 ,
390 3425 426 3464 ac
447 3403 613 3484 perturhat
632 3402 836 3483 perturbatus
870 3412 901 3462 et
923 3401 1086 3461 exacerbat
1105 3401 1202 3461 iratus
1223 3401 1367 3480 proxime

270 3528 390 3568 verum.
434 3504 639 3588 quamohrem
657 3503 780 3590 solertis
803 3511 848 3562 est
872 3501 1073 3584 poetieaaut
1097 3501 1161 3561 eius
1185 3498 1239 3582 qui
1261 3500 1366 3559 animo

271 3616 464 3668 commotus:
499 3605 532 3665 hi
563 3605 645 3665 enim
676 3604 766 3664 sacile
795 3605 983 3679 flectuntur,
1017 3602 1061 3662 iiii
1082 3603 1121 3662 ad
1143 3599 1368 3683 inquirendum

270 3689 425 3788 proclives
452 3716 533 3767 sunt.
584 3716 647 3766 tam
680 3704 757 3765 haec
791 3713 973 3785 argumenta
1003 3725 1097 3785 quam
1121 3724 1156 3762 ea
1191 3721 1271 3782 quae
1294 3701 1368 3760 ficta

272 3816 344 3867 sunt
367 3807 460 3867 debet
489 3815 520 3867 et
543 3795 623 3888 ipse*
640 3806 758 3887 lingens
781 3805 839 3865 sibi
861 3805 1015 3886 explicare
1037 3803 1222 3885 generatim,
1254 3800 1368 3862 deinde

271 3908 334 3968 iam
366 3907 509 3989 episodiis
545 3908 700 3977 instruere
735 3915 829 3988 atque
864 3906 1039 3967 extendere.
1091 3904 1162 3964 dico
1186 3912 1291 3963 autem
1323 3904 1371 3966 sio

271 4009 370 4072 fenne
398 4007 533 4088 spectari
562 4006 649 4089 quod
670 4006 814 4088 generale
837 4015 896 4080 est,
922 4008 1006 4066 vetut
1030 4006 1061 4064 in
1084 4004 1251 4086 Iphigenia.
1296 4027 1369 4063 oum

272 4109 432 4170 immolata
454 4107 606 4190 quaedam
623 4106 724 4187 puelia
747 4114 824 4166 esset
837 4113 869 4166 et
882 4106 1001 4166 suhlatn
1023 4128 1041 4166 e
1061 4112 1230 4186 conspectu
1254 4106 1369 4165 irnrno.

273 4209 417 4285 lantibus,
440 4209 654 4289 collocataqne
676 4207 707 4265 in
731 4206 790 4266 alia
813 4207 950 4289 regione,
978 4207 1034 4266 uhi
1054 4228 1120 4265 mos
1142 4215 1210 4265 erat
1231 4203 1368 4285 hospites

273 4317 410 4370 mactare
432 4308 516 4384 deae,
537 4308 599 4368 hoe
617 4308 718 4369 tenuit
744 4307 796 4369 issa
814 4307 1033 4369 sacerdotium.
1077 4306 1241 4367 interiecto
1265 4314 1369 4367 autem
