2892 4917
347 291 390 353 no
410 279 613 354 mamone
634 287 722 376 cnr.
746 292 777 353 s.
802 283 831 370 ς.
853 290 946 352 e-e
1145 290 1209 354 oce

109 486 197 557 qnae
216 465 249 538 hss
268 473 292 536 l.
315 482 609 556 commemorantur,
628 495 691 538 nna
711 474 752 538 ab
775 467 906 566 llomero
925 465 1087 555 proposita
1108 470 1209 534 altera

109 580 334 665 praetermisso
356 588 412 660 est,
433 583 488 643 sed
511 588 612 644 tamen
627 582 795 662 prudenter
814 578 874 641 lroc
895 578 1005 641 fecisse
1024 576 1230 641 Aristotelesn

112 691 256 769 videtur,
278 694 318 750 ut
331 688 433 770 magis
453 691 577 753 illarum
609 707 712 751 rerum
733 686 942 769 discrepantia
965 685 1210 767 intelligeretur,

108 797 278 860 cumidem
311 801 404 878 poeta
424 795 476 877 qui
504 814 596 859 unam
616 794 778 859 occasione
808 794 884 859 data
904 794 1054 876 exposuit,
1076 793 1209 857 alteram

19 909 20 978 ἶ
108 925 151 969 ne
171 907 205 969 in
233 904 371 985 episodio
392 904 512 986 quidem
531 902 750 967 admittendam
771 908 904 985 putaret
961 902 1209 983 eopioseacute-

19 1097 20 1110 ἵ
108 1012 171 1095 que
192 1011 231 1074 de
252 1012 311 1074 hoc
330 1011 400 1073 loco
418 1009 586 1092 disputavit
599 1010 655 1074 Gr.
670 1009 752 1075 (tuit
764 1010 892 1075 Nimsm
909 1007 952 1074 de
964 1005 1119 1076 Historia
1139 1004 1209 1073 Ho-

109 1120 197 1183 mart
217 1115 383 1184 Maeona
406 1117 482 1181 fasc.
504 1118 542 1180 ll.
566 1133 638 1199 pag.
663 1111 749 1182 4-6.

112 1265 116 1272 -
195 1219 296 1305 περὶ
313 1221 419 1301 μίαν
439 1223 610 1303 πρᾶξιν,
642 1221 737 1284 οἵαν
757 1223 963 1304 ttyopco:
986 1242 1027 1287 ue
1046 1240 1209 1306 perperam

19 1407 20 1410 Ἴ
109 1333 324 1415 acciperentur
355 1347 434 1412 quae
456 1330 496 1391 de
513 1346 578 1393 unu
599 1329 719 1392 actione
740 1329 890 1410 dicuntur,
917 1329 1052 1393 additum
1067 1338 1116 1395 est
1137 1329 1209 1391 olus

19 1479 20 1488 κ
109 1440 265 1520 λέγομεν,
295 1435 423 1523 qualem
453 1436 594 1501 &dorus
626 1439 709 1516 (was
740 1438 801 1501 wir
834 1431 994 1502 daruuter'
1017 1438 1206 1520 verstelren).

19 1571 20 1620 1
110 1551 226 1633 q‘oippe
255 1547 403 1629 intelligit
422 1544 536 1624 πρᾶξιν
561 1565 602 1611 ex
630 1546 770 1628 pluribus
791 1546 911 1630 quidem
932 1539 1115 1626 πράγμασιν
1135 1563 1208 1609 cou-

19 1645 20 1724 3
110 1661 246 1721 stantem
279 1652 335 1715 sed
354 1653 388 1715 in
420 1671 514 1715 uuum
544 1654 721 1733 collectam,
752 1671 789 1715 eo
812 1653 892 1738 quod
913 1653 1056 1735 singulae
1075 1653 1207 1717 audonis

110 1769 220 1846 partes
250 1761 416 1824 secundum
448 1762 550 1843 legem
580 1761 774 1825 necessitatis
802 1764 854 1825 vel
882 1763 1111 1844 probabilitatis
1138 1779 1218 1826 sese*

109 1870 299 1952 excipientes
318 1875 415 1931 totum
433 1870 584 1950 quoddam
606 1870 777 1934 conficiunt.
820 1870 880 1933 lrou
901 1890 994 1935 unum
1014 1871 1048 1935 in
1067 1872 1207 1950 Odyssea

19 2009 20 2078 1
113 1984 162 2040 est
186 1976 316 2041 reditus
334 1977 442 2058 Ulixis,
462 1979 495 2041 iu
516 1980 614 2042 lliade
633 1982 689 2043 iro
709 1979 849 2046 Achillis.

194 2082 225 2164 §.
248 2086 279 2147 4,
320 2072 695 2165 gariuds-rudens
719 2077 839 2166 ὅληςε
861 2086 1008 2168 exemplis
1032 2092 1137 2153 rectae
1156 2092 1206 2155 fo·

111 2198 232 2258 ciorum
260 2190 488 2276 compositionis
525 2212 564 2257 ac
584 2195 714 2257 rimosae
738 2195 920 2277 propositis,
955 2214 1065 2260 norma
1088 2197 1151 2262 ium
1174 2203 1206 2263 et

110 2300 165 2363 lex
185 2287 313 2364 unitatis
332 2301 537 2364 constituntur.
580 2300 828 2383 quemadmodum
850 2301 883 2363 in
904 2302 976 2364 aliis
996 2302 1136 2365 imitandi
1150 2322 1206 2387 ge·

111 2408 237 2472 neribus
267 2427 330 2471 una
350 2408 480 2472 imitatio
510 2427 602 2471 unum
632 2408 795 2491 quoddam,
815 2407 959 2489 exprimit
978 2409 1138 2489 imitando,
1159 2409 1206 2472 siu

19 2553 20 2576 n
113 2517 252 2597 tabula„
268 2517 316 2579 cui
336 2519 426 2580 aetio
445 2518 485 2579 ad
514 2517 693 2580 imitandum
713 2516 867 2580 destinata
886 2521 943 2598 est,
963 2516 1022 2580 hoc
1043 2535 1129 2579 suurn
1150 2516 1205 2580 olr-

110 2624 222 2688 iectnm
241 2643 334 2686 unum
353 2630 509 2706 meumque
532 2625 704 2705 exprimere
727 2624 826 2688 debet
846 2658 888 2672 -
908 2618 1206 2705 διαφέρεσθαι
1275 2651 1282 2657 ,

19 2781 20 2812 ,
112 2729 177 2792 καὶ
211 2734 414 2794 κινεῖσθαι
445 2725 490 2792 τὸ
524 2723 641 2798 dios:
662 2734 690 2796 si
710 2733 853 2816 singulae
873 2733 1002 2797 actionis
1023 2741 1128 2815 partes
1148 2751 1205 2815 per

114 2857 182 2901 sese
202 2845 356 2921 constant,
379 2859 443 2903 una
463 2839 516 2902 vel
537 2840 638 2903 altera
665 2838 784 2901 moveri
806 2845 909 2921 potest
929 2857 969 2906 ex
988 2846 1070 2922 toto,
1092 2845 1123 2902 et
1145 2841 1205 2904 loc

19 2973 20 3024 1
115 2945 209 3009 nihilo
230 2947 330 3010 minus
342 2952 499 3010 remanet:
521 2945 569 3007 sin
586 2932 694 3006 ‘omues
714 2942 870 3008 artissimo
884 2944 1007 3009 vinurdo
1027 2945 1202 3022 cohaerent,

19 3067 20 3130 ,
114 3053 236 3117 mutato
257 3072 320 3116 una
348 3060 445 3116 totum
475 3051 643 3134 dissipatu
673 3049 910 3137 (demodocum),
931 3060 1112 3141 ceteraeque
1133 3055 1203 3125 loco
1283 3076 1288 3084 ·

19 3133 20 3156 Χ
114 3180 166 3225 mo
184 3169 348 3227 moventur
368 3158 572 3243 (arroderet).

494 3296 500 3318 Ι
517 3306 783 3326 ...m-n·-

552 3444 687 3512 CAPVT
720 3450 762 3517 e.

19 3591 20 3638 ἓ
116 3617 120 3624 ·
195 3599 284 3681 Quid
314 3601 364 3664 sit
388 3597 593 3663 dementem
619 3600 708 3663 inter
728 3604 857 3682 poetam
877 3605 911 3666 ct
930 3567 1100 3688 laetoriae¹
1113 3603 1202 3667 scri·

122 3722 250 3800 ptorenu
292 3714 449 3803 quornodo
471 3719 614 3779 neuterio
634 3734 680 3780 em
700 3714 842 3781 historio
864 3721 970 3800 petitu
1002 3721 1051 3783 uti
1071 3726 1202 3801 poetam

121 3831 250 3916 meur,
274 3832 353 3921 guid
374 3836 409 3899 to
429 3836 629 3917 argumentis
650 3851 740 3897 nuere
759 3831 926 3915 sabulosis
949 3835 1126 3902 cauendum
1143 3839 1200 3902 sit.

120 3952 281 4034 trupoediu
309 3954 435 4015 maturi
464 3949 605 4015 timendo
636 3957 670 4015 et
694 3951 883 4016 maerenda
903 3955 953 4017 tto
973 3952 1088 4034 dedet,
1109 3958 1145 4017 ut
1165 3955 1201 4020 tu

120 4063 166 4133 luis
186 4086 309 4133 causae
329 4066 532 4155 effectusque
553 4070 728 4133 successio
748 4076 960 4153 apaoscotue.

198 4222 281 4297 Quae
303 4220 342 4284 de
364 4220 472 4287 tabula
485 4221 552 4287 sive
574 4225 757 4304 argumento
778 4222 959 4304 tragoediae
979 4219 1079 4286 adhuc
1100 4239 1199 4306 expo-
