2892 4917
447 317 564 384 narr
582 317 861 407 nomrrnrrs.
961 298 999 340 ⁷
1155 324 1201 416 rr

112 504 205 583 αὕτα,
226 497 391 583 η’γνόηται·
441 493 477 560 τό
500 498 536 561 δὲ
563 492 689 576 μύθους
710 503 812 560 ποιεῖν
829 493 1020 578 Ἐπίχαρμος
1040 498 1096 560 καί
1116 492 1203 580 Φόρ-

110 642 172 698 μις.
213 615 330 697 τό-μὲν
349 615 383 693 ἐξ
406 616 509 697 ἀρχῆς
531 616 565 677 ἐκ
588 612 735 687 Σικελίας
758 602 872 696 ἦλθεν,
893 614 956 688 τοῖν
975 613 1011 675 δὲ
1030 610 1202 695 Ἀθήνησιν
1264 664 1267 668 .

110 727 242 816 Κράτης
262 733 383 817 πρῶτος
413 722 507 813 ἧρξεν
526 729 685 814 ἀφέμενος
711 729 767 809 τῆς
787 707 936 811 ἰαμβικῆς
956 728 1044 799 ίδὲας
1065 724 1201 790 καθόλου

109 856 211 911 ποιεῖν
236 850 350 930 λόγους
378 845 435 910 καί
460 842 599 928 μύθους.
651 840 671 929 ἦ
691 848 753 926 μὲν
774 837 831 907 οὖν
855 844 1002 907 ε’ποποιία
1023 845 1063 929 τῇ
1082 849 1230 931 τράγῳ-4

87 967 163 1053 όόίρι
183 968 293 1050 [μέχρι
324 963 423 1046 μόνον
444 964 563 1048 μέτρου
589 960 742 1045 μεγάλου]
764 964 898 1045 μίμησις
918 952 999 1023 εἶναι
1019 953 1203 1023 σπουδαίαν

110 1076 345 1166 ἠκολούθησεν·
389 1080 434 1164 τῷ
456 1080 492 1142 δὲ
512 1075 547 1163 gd
564 1080 681 1163 μέτρον
698 1074 820 1140 άπλοόν
839 1073 992 1158 ἔχεινκαὶ
1012 1075 1204 1157 α’παγγελίαν

109 1189 198 1276 εἶναι,
219 1197 321 1283 ταύτῃ
345 1198 566 1282 διαφέρουσιν.
607 1191 656 1258 ἔτι
678 1195 713 1258 δὲ
729 1195 773 1280 τῳ
792 1191 906 1277 μήκει·
947 1191 968 1276 ἦ
992 1195 1052 1273 μὲν
1071 1189 1133 1275 γάρ
1156 1184 1203 1255 ότι

81 1331 83 1338 ⁴
108 1310 246 1395 μάλιστα
276 1316 429 1398 πειρᾶται
459 1309 522 1376 όπό
549 1313 628 1393 μίσιν
659 1313 809 1394 περίοδον
829 1308 922 1395 ἡλίου
943 1302 1024 1375 εἶναι
1045 1302 1068 1393 ἢ
1087 1305 1203 1391 μικρόν

110 1426 320 1508 ἐξαλλάττειν,
356 1427 430 1513 ἡδὲ
462 1422 610 1492 suenonis
632 1424 781 1512 α’όριστος
811 1429 856 1515 τῳ
885 1425 1011 1515 χρόνῳ,4
1025 1427 1081 1489 καί
1099 1421 1200 1511 τούτῳ

75 1547 264 1636 ιοδιαφόρει.
307 1547 405 1610 καίτοι
425 1542 459 1610 τό
483 1546 607 1628 πρῶτον
619 1541 736 1624 ὁμοίως
755 1545 789 1608 όν
806 1552 876 1619 ταῖς
896 1541 1087 1631 τραγῳδίαις
1107 1544 1201 1605 τοῦτο

110 1661 233 1725 ἐποίουν
253 1663 311 1726 καί
329 1662 365 1726 ἒν
383 1668 449 1736 τοῖς
469 1656 589 1725 ἔπεσιν.
632 1664 714 1745 μέρη
737 1662 766 1724 δ’
788 1658 856 1725 ἐστὶ
874 1658 916 1723 τά
939 1662 999 1740 μὲν
1020 1651 1136 1733 ταότά,
1158 1653 1229 1728 τάό

111 1779 145 1842 δὲ
165 1775 232 1841 ἴδια
260 1779 318 1861 τῆς
339 1777 527 1865 τραγῳδίας.
576 1773 687 1860 διόπερ
721 1769 807 1851 όστις
834 1775 910 1860 περί
938 1777 1115 1862 τραγῳδάις
1134 1765 1201 1837 οἶδε

108 1877 283 1968 σπουδαίας
312 1890 369 1957 καί
387 1888 529 1979 φαύλης,
561 1885 627 1957 οἶδε
656 1890 712 1955 καί
737 1895 811 1975 περί
846 1893 955 1956 ἐπιόν·
1008 1888 1030 1954 ά
1056 1887 1200 1975 μὲνγὰρ

110 2009 252 2073 ἕποπσιία
271 2005 349 2092 ἔχει,
369 2006 513 2093 όπάρχει
543 2009 584 2095 τῇ
603 2008 781 2098 τραγῳδίῳ,
809 2004 832 2072 ά
856 2009 893 2072 δὲ
913 2007 1009 2091 αύτὴ,
1034 2009 1074 2070 ου’
1095 2003 1200 2070 πάντα

78 2125 142 2192 ιδὲν
159 2126 198 2213 τῇ
218 2125 374 2213 ἒποποιίῳ.

175 2296 199 2348 2.
220 2289 307 2366 ἦρξαν
323 2302 385 2365 post
403 2291 516 2366 Φόρμις
525 2292 620 2350 Aldus.
644 2296 715 2345 conf.
737 2294 781 2345 Co
792 2311 815 2344 m
826 2312 852 2345 m
863 2303 929 2346 ent.
1063 2292 1128 2366 μὲν]
1145 2292 1201 2366 μὲν

176 2382 226 2447 οὖν
235 2390 319 2442 Aldus
337 2391 477 2460 ceterique
497 2391 624 2455 editores,
643 2390 691 2442 sed
703 2385 757 2445 οὖν
775 2390 852 2442 deest
862 2389 973 2442 AcsseNa
989 2397 1018 2442 et
1027 2390 1057 2442 M
1071 2374 1197 2442 omnibus

177 2494 205 2538 et
222 2486 305 2540 GLP
317 2487 355 2557 Q,
374 2496 402 2539 et
415 2487 510 2539 abesse
519 2495 619 2557 potest.
690 2489 716 2539 5.
735 2487 872 2560 μεγάλου]
889 2479 959 2559 μετά
975 2486 1060 2557 λόγου
1067 2484 1152 2538 Aldus
1171 2493 1200 2538 et

174 2582 263 2650 vulgo.
275 2583 347 2633 conf.
369 2583 556 2635 Continent.
577 2582 667 2634 atatim
680 2584 718 2655 τῷ
730 2583 826 2635 Aldus:
847 2577 880 2639 τό
894 2583 1003 2634 AchNa
1021 2583 1087 2634 etM
1105 2597 1199 2632 omnes

61 2689 64 2694 ⁴
175 2685 203 2730 et
219 2679 282 2749 LQ.
303 2695 337 2731 ea
356 2679 380 2731 G
398 2678 519 2747 Heynius
537 2679 575 2750 τῷ
593 2680 723 2744 enotavit,
743 2679 856 2731 Buhlius
874 2679 946 2731 nihil
963 2679 1029 2730 iude
1048 2678 1164 2732 rettulit.

109 2823 187 2884 derit
206 2834 259 2886 aut
279 2845 435 2885 sermones
457 2834 510 2885 aut
523 2825 628 2907 plures
648 2824 815 2887 histriones
836 2834 869 2887 et
890 2825 1105 2909 quaecumque
1126 2836 1199 2886 sunt

42 2977 45 2991 ,
109 2922 292 3002 huiusmod1‚
313 2947 378 2984 non
402 2934 682 3007 compertumest:
706 2926 824 2987 fabulas
846 2935 950 2987 autem
970 2947 1107 3008 pangere
1119 2924 1204 3007 Epi,
1275 3003 1281 3012 ι

110 3022 246 3085 eirarmus
268 3034 300 3085 et
320 3024 472 3086 Phormis.
515 3024 577 3087 hoc
598 3026 726 3110 quidem
747 3028 885 3109 primum
907 3049 943 3088 ex
966 3027 1070 3087 Sicilia
1092 3025 1199 3103 venit,

109 3125 157 3184 sed
170 3124 402 3187 Atheniensium
428 3127 534 3189 Crates
550 3127 677 3209 primus.
690 3127 796 3209 coepit
810 3128 900 3188 missa
921 3128 1024 3187 forma
1045 3127 1200 3188 invectiva

109 3218 276 3305 generatim
305 3227 501 3288 narrationes
532 3249 669 3311 pangere
698 3239 729 3290 et
761 3229 887 3289 fabulas.
938 3227 1092 3309 epopoeia
1121 3248 1198 3288 vero

109 3324 297 3408 tragoediam
326 3327 462 3406 [nonnisi
493 3337 594 3396 metro
625 3330 720 3411 longo
743 3326 886 3410 excepto]
918 3328 960 3388 ita
982 3336 1132 3388 assectata
1153 3336 1201 3388 est

110 3431 142 3483 ut
167 3447 275 3507 graves
307 3426 497 3487 imitaretur:
526 3426 579 3489 sed
609 3430 697 3514 quod
726 3440 865 3490 metrum
894 3428 1020 3509 simplex
1053 3427 1201 3488 habetet
1301 3465 1305 3473 .

110 3526 245 3585 narratio
268 3532 326 3603 est,
361 3548 398 3587 eo
421 3527 606 3610 discrepant.
656 3539 822 3610 praeterea
851 3528 1063 3610 longitudine:
1084 3527 1200 3588 etenim

108 3622 180 3685 haee
202 3649 296 3708 quam
331 3628 461 3689 maxime
485 3630 590 3691 studet
612 3630 694 3690 intra
725 3652 822 3689 unum
842 3629 914 3689 solis
936 3629 1105 3689 circuitum
1124 3649 1199 3689 ver-

107 3726 164 3785 sari
182 3727 232 3786 vei
249 3727 377 3808 paulum
391 3730 550 3807 excedere,
572 3731 727 3812 epopoeia
741 3741 845 3792 autem
868 3731 1018 3811 temporis
1040 3730 1199 3791 definitio-

109 3846 174 3884 nem
195 3847 260 3886 non
275 3828 425 3901 admittit,
449 3838 481 3890 et
494 3830 556 3890 hoc
578 3831 691 3892 differt.
714 3853 901 3914 quamquam
919 3831 1025 3913 primo
1048 3853 1145 3913 aeque
1166 3831 1199 3889 in

109 3926 270 4005 tragoediis
291 3925 353 3988 hoc
375 3930 530 3992 faciebant
559 3939 653 4014 atque
675 3932 706 3991 in
729 3933 921 3993 carminibus
944 3933 1050 4014 epicis.
1093 3940 1199 4013 partes

111 4034 207 4085 autem
241 4027 318 4088 aliae
358 4039 429 4090 sunt
457 4050 654 4108 communes,
690 4033 769 4093 attae
798 4032 981 4117 tragoediae
1014 4031 1198 4112 peculiares.

111 4127 309 4204 quamobrem
320 4129 512 4214 quicumque
532 4132 725 4215 tragoediam
738 4156 864 4215 gravem
885 4143 917 4195 et
938 4135 1030 4194 vitem
1051 4153 1198 4211 comper-

109 4231 170 4284 tam
188 4225 292 4305 habet,
316 4229 396 4291 idern
417 4233 498 4313 sapit
519 4233 553 4292 in·
567 4233 675 4313 epicis:
705 4255 786 4315 quae
814 4235 895 4295 enim
917 4234 1071 4315 epopoeia
1089 4232 1197 4309 habet,

21 4377 22 4406 η
111 4321 209 4389 insunt
225 4329 255 4389 in
275 4332 445 4414 tragoedia,
469 4353 549 4419 quac
567 4343 668 4397 autem
686 4330 763 4417 ipsa,‘
777 4357 840 4397 non
858 4336 963 4397 omnia
977 4336 1007 4396 in
1030 4331 1196 4417 epopoeia.
