2892 4917
404 299 822 406 nurr'nofflrruns.
1125 355 1164 412 ιι

63 517 230 594 τιθέασιν,
260 512 317 579 καὶ
338 514 377 578 ου’
378 540 401 598 χ
419 511 526 599 α’ίσπερ
551 515 581 581 οἱ
602 520 788 598 ἰαμβοποιοῖ
814 521 889 601 περὶ
908 521 1063 584 τῶνκαθ’
1087 524 1163 587 ἕνα.

64 655 139 696 uror
159 630 315 701 ποιοῦσιν.
357 631 411 696 ἐπὶ
431 632 466 695 δὲ
483 632 537 715 τῆς
559 635 738 720 τραγῳδίας
758 636 822 698 ταῖν
843 638 1018 715 γενομένων
1047 636 1195 720 oropo-6
1226 623 1229 630 ⁴

64 771 127 810 των
146 745 345 826 α’ντὲχονται,
388 743 489 811 αἴτιον
509 749 537 810 δ’
554 742 602 812 δτι
625 750 762 812 πιθανόν
781 751 849 813 ἐστι
870 749 903 824 τὸ
928 750 1080 817 δυνατόν·
1122 756 1163 820 τοὶ

64 866 126 942 μὲν
150 854 208 925 οδν
228 859 272 946 μή
297 859 450 945 γενόμενα
473 857 562 927 οὔπω
584 864 773 946 πιστεύομεν
793 860 875 930 εἶναι
897 868 1019 931 δυνατά
1031 920 1041 950 ,
1065 869 1104 934 ια’
1129 875 1166 937 δὲ

43 975 221 1060 ὁγενόμενα
253 976 394 1065 φανερὸν
424 973 475 1042 ὅτι
505 982 642 1045 δυνατά·
694 980 733 1044 οδ
755 980 817 1065 γὰρ
850 976 891 1045 (δν
913 986 1054 1065 ἐγένετο,
1076 990 1107 1053 εἰ
1128 980 1166 1071 ἦν

65 1089 222 1159 ἀδύνατα.
274 1094 316 1157 ου’
335 1093 397 1178 μὴν
426 1091 506 1158 ἄλλα
543 1093 598 1158 καί
618 1096 654 1160 ἐν
681 1104 751 1170 ταῖς
773 1099 964 1185 τραγῳδίαις
985 1100 1085 1177 ἐνίαις
1105 1108 1191 1185 μὲνγ

66 1210 99 1272 ἓν
120 1202 144 1293 ἢ
162 1210 223 1272 δύο
244 1212 308 1276 τῶν
327 1208 493 1295 γνωρίμων
507 1214 594 1277 ἐστιν
616 1211 794 1295 ὀνομάτων,
816 1211 855 1278 τὰ
878 1216 915 1278 δὲ
934 1209 1016 1280 aiio
1033 1242 1165 1304 πεποιη

65 1322 169 1407 μένα,
201 1328 236 1390 ἐν
265 1327 366 1401 ἐνίαις
398 1329 434 1391 δὲ
465 1328 583 1409 oratu,
618 1321 682 1392 οἶον
701 1332 737 1394 ἑν
766 1332 808 1417 τῶ
834 1330 1015 1445 Ἀγάθωνος
1029 1326 1163 1398 &Aaou

67 1435 183 1523 ομοίως
204 1441 266 1527 γὰρ
302 1445 337 1508 ἐν
357 1443 455 1532 τούτῳ
485 1442 525 1509 ια’
546 1468 582 1510 τε
601 1445 776 1529 πράγματα
809 1450 864 1510 καί
882 1446 918 1513 τὰ
945 1447 1087 1531 ὀνόματα
1110 1477 1164 1515 πε-

30 1558 215 1642 ιοποίηται,
249 1563 304 1624 καί
324 1551 469 1624 οδδὲν
445 1582 538 1643 ηττον
558 1561 734 1646 εὐφραίνει.
778 1559 855 1628 ὥστ’
883 1566 924 1627 ον’
940 1563 1065 1641 πάντως
1083 1561 1194 1633 εἶναι8

68 1675 216 1757 ζητητέον
237 1677 300 1740 τῶν
320 1679 587 1762 παραδεδομένων
607 1677 741 1760 μύθων,
763 1683 839 1763 περί
861 1678 916 1758 οὓς
937 1679 971 1746 αἱ
990 1686 1166 1770 τραγῳδίαι

68 1790 164 1870 εἰσίν,
190 1794 395 1876 α’ντέχεαθαι.
443 1791 577 1878 καὶγὰρ
600 1801 720 1877 γελοῖον
740 1798 835 1860 τοῦτο
860 1799 982 1881 ζητεῖν,
1015 1797 1086 1863 ἐπεῖ
1110 1799 1167 1864 καί

67 1906 105 1972 zoi
125 1905 274 1992 γνώριμα
295 1905 411 1989 ὀλίγοις
425 1906 569 1991 γνώριμά
590 1912 684 1991 ἐστιν,
701 1911 772 1975 αλλ’
786 1906 879 1996 Ιὅμως
900 1911 1067 1997 εδφραίνει
1087 1916 1165 1977 πάν-

67 2047 131 2098 τας.
185 2026 282 2107 δῆλον
302 2019 358 2088 οδν
377 2027 413 2088 ἐκ
435 2019 628 2090 τοδτωνδτι
648 2027 702 2091 τὸν
722 2026 856 2112 ποιητὴν
875 2034 998 2109 μᾶλλον
1019 2032 1082 2093 τῶν
1100 2024 1193 2117 pai-9

36 2135 190 2204 ιὸθων
155 2164 239 2205 ειναι
261 2143 313 2205 δεῖ
330 2140 466 2223 ποιητήν
489 2135 512 2223 ἢ
530 2145 592 2206 uir
611 2146 745 2225 μέτρων,
768 2137 831 2229 ὅσῳ
852 2142 984 2229 ποιητὴς
1005 2170 1084 2207 κατα
1074 2141 1164 2227 τὴν

905 2255 920 2279 Ἀ
975 2252 990 2275 '1

69 2261 202 2341 μίμησίν
226 2262 314 2338 ἐστι,
348 2266 496 2338 μιμεῖται
523 2260 559 2322 δὲ
593 2256 651 2334 τὰς
685 2259 825 2341 πράξεις.
877 2283 937 2324 καν
967 2286 1033 2344 αρα
1055 2265 1164 2346 συμβῇ

67 2372 218 2457 γενόμενα
243 2383 355 2453 ποιεῖν,
378 2368 519 2441 οὐδὲν
496 2398 590 2459 ηττον
611 2372 741 2461 ποιητής
762 2378 866 2441 ἐστιν·
909 2377 973 2440 τῶν
992 2376 1053 2461 γὰρ
1072 2400 1162 2460 γενο-

69 2650 257 2712 componere
269 2636 451 2711 coeperunt,
467 2629 529 2690 iarn
543 2630 669 2714 nomina
687 2651 748 2711 pro
764 2629 897 2691 arbitrio
914 2629 1093 2708 subinnuit,
1108 2652 1163 2691 ne-

70 2739 175 2813 quent
193 2730 371 2791 iamborum
388 2731 557 2811 scriptores
573 2731 656 2790 circa
673 2730 838 2811 singularia
853 2738 1027 2791 versantur.
1052 2730 1084 2789 in
1097 2740 1164 2791 tra.

5 2855 6 2884 ι
68 2830 173 2911 goedia
194 2851 271 2891 vero
291 2830 499 2911 propriorum
520 2830 682 2889 hominum
698 2829 823 2888 nomina
844 2837 961 2889 tenent.
1004 2840 1164 2891 causaest

71 2930 151 3011 quod
164 2930 317 2991 credibile
334 2929 460 2990 videtur
475 2930 562 3012 quod
575 2930 644 2990 fieri
659 2938 779 3009 potest:
799 2930 886 3012 atqui
900 2952 981 3012 quae
996 2930 1075 2990 sacta
1098 2951 1162 2992 non

69 3039 135 3089 sunt
146 3031 290 3092 nondum
304 3030 486 3091 confidimus
499 3031 568 3091 fieri
581 3051 680 3112 posse,
694 3052 775 3114 quae
790 3040 895 3090 autem
908 3032 1072 3091 factasunt
1093 3029 1162 3091 fieri

71 3150 155 3210 posse
167 3130 278 3212 liquet:
295 3131 451 3192 nonenim
469 3133 551 3191 faeta
564 3140 672 3208 essent,
693 3132 717 3191 si
731 3131 800 3191 fieri
819 3153 882 3191 non
894 3140 1029 3211 possent.
1053 3153 1164 3192 verum

5 3309 6 3314 ἵ
72 3238 170 3292 tamen
193 3231 289 3291 etiam
321 3231 354 3290 in
373 3232 558 3314 tragoediis,
582 3233 613 3293 in
646 3230 829 3315 quibusdam
850 3254 948 3292 unum
968 3233 1016 3292 vel
1039 3230 1102 3292 duo
1128 3254 1163 3293 ex

72 3332 148 3391 notis
171 3331 347 3392 nominibus
368 3341 450 3408 sunt,
471 3340 576 3394 cetera
598 3340 702 3393 autem
723 3334 805 3408 ficta,
831 3333 861 3392 in
883 3333 1069 3412 quibusdam
1090 3333 1163 3392 nul.

72 3431 140 3509 lom,
162 3429 303 3493 velutin
324 3432 492 3514 Agathonis
507 3434 625 3494 Flore:
646 3432 768 3514 pariter
787 3433 869 3493 enim
891 3434 922 3491 in
947 3432 1007 3491 hoc
1027 3438 1059 3490 et
1080 3432 1163 3491 facta

71 3538 100 3590 et
120 3532 248 3592 nomina
267 3533 341 3592 ficta
362 3542 448 3609 sunt,
471 3542 503 3593 et
525 3531 623 3592 nihilo
645 3532 745 3593 minus
768 3532 935 3592 oblectant.
978 3551 1078 3612 quare
1098 3550 1163 3591 non

73 3632 176 3716 utique
199 3631 451 3693 contendendum
474 3640 572 3718 eolut
603 3630 734 3693 traditas
755 3631 883 3709 fabulas,
905 3630 936 3690 in
959 3631 1072 3712 quihus
1092 3640 1163 3691 tra.

72 3733 195 3811 gordiae
215 3741 398 3810 versantur,
421 3742 587 3793 teneamus.
639 3732 755 3793 etenim
777 3732 945 3793 ridiculum
966 3751 1004 3792 eo
1028 3740 1162 3791 eonten-

73 3829 155 3910 dere,
174 3829 329 3914 siquidem
357 3835 451 3893 etiam
473 3853 553 3913 quae
584 3840 656 3891 nota
678 3831 786 3913 paucis
809 3839 986 3908 notarunt,
1009 3838 1161 3891 ettamen

73 3930 224 3993 oblectant
257 3953 372 3993 omnes.
419 3933 620 4013 perspicuum
645 3932 742 4014 igitur
770 3952 806 3992 ex
838 3931 885 3991 his
915 3938 1043 4011 poetam
1060 3931 1161 4011 potius

5 4041 7 4062 '
72 4030 183 4093 fabulas
209 4053 348 4114 pangere
377 4054 471 4114 quam
491 4043 611 4109 metra,
634 4042 785 4115 quatenus
809 4040 905 4113 poeta
926 4042 971 4093 est
992 4030 1162 4091 secundum

72 4127 282 4209 imitationem,
306 4131 455 4192 imitando
477 4143 581 4194 autem
599 4134 736 4194 actiones
758 4132 915 4214 exprimit.
939 4131 1077 4213 quamvis
1101 4131 1162 4212 igi.

5 4237 7 4252 ¹
73 4236 120 4288 tur
142 4233 265 4292 eveniat
285 4254 356 4293 eum
376 4254 513 4316 pangere
527 4256 607 4316 quae
629 4234 709 4293 faeta
731 4244 812 4309 sunt,
836 4232 934 4292 nihilo
948 4230 1048 4290 minus
1068 4241 1162 4313 poeta

5 4347 7 4350 ’
74 4336 126 4389 est:
156 4353 228 4393 nam
250 4333 431 4415 quaefacta
453 4342 542 4412 sunt,
563 4356 675 4395 eorum
697 4333 848 4393 nonnulla
867 4331 945 4392 nihil
968 4331 1072 4391 obstat
1095 4353 1159 4413 quo
