2892 4917
255 289 297 349 tu
630 274 978 344 ΑΡΙΣΤΟΤΕΛΟΫΣ

251 452 336 535 ’δλαις
356 455 440 523 ἔστιν
459 448 478 519 δ’
499 479 532 520 τι
555 459 756 540 προαιρεῖται
779 447 800 539 ἢ
820 433 933 541 φεύγει
952 450 969 516 ὅ
991 457 1112 536 λέγων·
1155 455 1287 519 διανσια
1306 458 1351 534 δι’,

255 578 290 641 ἐν
308 569 357 652 οἷς
375 572 623 639 α’ποδεικνύοοσί
639 594 670 636 τι
690 566 735 647 ὥς
757 566 842 636 ἔστιν
860 567 883 655 ἢ
904 570 947 646 ὥς
968 571 1026 634 cdx
1046 566 1143 653 ἔστιν,
1167 563 1190 655 ἢ
1208 572 1353 636 καθόλου

210 698 287 761 τ8τι
304 693 548 777 α’ποφαίνονται.
588 688 737 770 τέταρτον
752 688 787 751 δὲ
801 687 866 751 τῶν
886 687 946 767 μὲν
958 684 1059 769 λόγων
1079 683 1099 770 ἦ
1122 690 1225 763 λέξις·
1271 691 1354 771 λέγω

254 812 303 890 δέ,
324 802 431 891 ὥσπερ
454 804 605 889 πρότερον
625 799 772 888 εἴρηται,
791 802 873 880 λέξιν
894 795 976 866 εἶναι
998 800 1057 885 τήν
1079 800 1134 866 διαὶ
1154 804 1213 887 τῆς
1233 799 1354 884 ὄνομα·

254 927 326 1000 σίας
345 917 577 1008 ἓρμηντίανςςδ
596 921 653 985 καί
669 921 725 984 τ’πί
743 923 806 984 ταῖν
829 921 996 1003 ἐμμέτρων
1015 916 1072 983 καί
1089 920 1145 985 ἐπί
1164 922 1229 986 ταῖν
1252 917 1379 1005 amors

209 1039 321 1123 19ἔχτι
340 1037 398 1125 την
419 1034 520 1122 ον’την
537 1035 684 1118 δύναμιν.
740 1036 802 1101 τοῖν
826 1036 862 1100 δὲ
888 1038 1004 1099 λοιπῶν
1024 1036 1116 1100 πέντε
1140 1035 1159 1116 ἦ
1181 1041 1353 1117 μελοποιία

253 1157 401 1240 μέγιστον
420 1155 485 1218 τῶν
507 1148 707 1238 ἡδυσμάτων.
748 1147 770 1234 ἦ
791 1151 827 1215 dl
848 1142 925 1231 ὄψις
943 1146 1172 1233 ιγνχαγωγικόν
1188 1154 1259 1233 μέν,
1280 1153 1354 1217 α’τε-

252 1268 408 1353 χνότατον
432 1270 468 1335 dd
495 1270 552 1334 καί
574 1262 689 1353 ἥκιστα
720 1270 835 1332 οἰκεῖον
863 1270 920 1350 τῆς
946 1267 1129 1351 ποιητικῆς·
1169 1263 1273 1352 ἦγοὶρ
1295 1273 1355 1353 τῆς
1437 1269 1439 1280 l

253 1386 430 1474 τραγῳδίας
459 1379 596 1466 δύναμις
622 1384 681 1447 καί
707 1377 785 1452 ἄνευ
815 1375 934 1467 ἇγῶνος
964 1380 1020 1446 καί
1049 1377 1227 1466 ὑποκριτῶν
1255 1386 1353 1451 ἐστίν.

252 1497 300 1568 ἔτι
330 1504 367 1567 δὲ
398 1501 576 1587 κυριωτέρα
610 1500 686 1583 περί
712 1493 771 1582 τήν
796 1491 991 1581 ἀπεργασίαν
1022 1499 1086 1565 τοῖν
1121 1491 1227 1583 ὄψεων
1252 1499 1396 1586 promo

252 1620 443 1685 σκεοοποιοῦ
462 1619 557 1701 τέχνη
579 1617 637 1700 τῆς
656 1617 720 1680 ταῖν
742 1615 879 1697 ποιητῶν
899 1608 1014 1700 ἐστίν]

334 1737 563 1818 Διωρισμίνων
580 1734 616 1797 δὲ
630 1733 765 1813 τούτων,
784 1733 923 1814 λέγωμεν
941 1729 1022 1813 μετὰ
1041 1737 1145 1798 ταῦτα
1165 1737 1261 1799 ποίοιν
1278 1732 1392 1801 stad?

252 1850 307 1913 δεῖ
332 1846 391 1933 τήν
419 1845 571 1914 σύστασιν
599 1839 682 1912 εἶναι
707 1847 774 1911 τῶν
791 1846 1004 1930 πραγμάτων,
1032 1847 1142 1932 ἐπειδὴ
1170 1852 1266 1914 ταῦτα
1294 1850 1354 1914 καί

224 1968 378 2052 απραῖτον
406 1964 462 2029 καί
487 1967 633 2047 μέγιστον
659 1964 716 2046 τῆς
745 1964 924 2051 τραγῳδίαις
954 1966 1053 2029 ἐστίν.
1103 1973 1205 2030 κεῖται
1225 1968 1254 2029 δ
1273 1961 1352 2050 ἡμῖν

251 2077 310 2164 τήν
323 2083 502 2169 τραγῳδίαν
516 2083 636 2155 τελείας
654 2080 712 2144 καί
730 2073 804 2163 ὅλης
826 2078 967 2165 πράξεως
982 2075 1064 2146 εἶναι
1080 2079 1225 2166 μίμησιν,
1252 2083 1394 2165 tzod-15

250 2219 310 2282 σης
330 2220 361 2263 τι
379 2198 537 2281 μέγεθος·
587 2192 654 2264 ἔστι
685 2191 747 2283 γὰρ
778 2187 851 2261 ὅλον
879 2195 936 2260 καί
963 2197 1064 2280 μηδὲν
1094 2195 1171 2281 ἔχον
1201 2200 1350 2283 μέγεθος.

253 2545 304 2601 rat
324 2535 462 2598 studium
477 2532 570 2618 quale
589 2534 646 2609 sit;
669 2543 871 2618 quapropter
881 2554 945 2596 non
958 2532 1078 2598 habent
1091 2537 1210 2599 morale
1223 2541 1352 2602 oratio.

254 2659 329 2698 num
351 2636 382 2695 in
410 2635 523 2719 quibus
552 2634 645 2714 plane
671 2654 736 2693 non
768 2641 813 2695 est
843 2634 928 2717 quod
951 2644 1075 2717 expetat
1100 2646 1154 2698 aut
1174 2638 1272 2720 fugiat
1294 2646 1352 2724 qui

255 2736 416 2820 loquitur:
445 2735 597 2826 sententia
628 2741 752 2812 autem,
782 2736 949 2817 inquibus
978 2735 1194 2799 demonstrant
1228 2739 1358 2828 aliquid

252 2837 342 2919 quale
365 2836 405 2898 sit
434 2844 488 2896 aut
511 2840 574 2895 non
594 2835 649 2912 sit,
671 2844 726 2896 aut
747 2837 918 2918 generatim
938 2836 1015 2921 quid
1039 2836 1208 2899 declarant.
1251 2863 1353 2922 quar-

250 2946 319 2999 tum
340 2949 385 3001 est
416 2937 598 2999 orationum
622 2935 778 2996 elocutio:
802 2936 874 2999 dIco
898 2945 1014 3012 autem,
1040 2949 1077 2999 ut
1098 2949 1172 3001 ante
1190 2943 1352 3004 monitum

250 3047 305 3115 est,
325 3036 496 3099 dictionem
517 3058 580 3098 esse
603 3058 662 3117 per
685 3037 837 3098 vocabula
857 3037 1076 3115 elocutionem,
1099 3038 1132 3100 id
1151 3041 1237 3123 quod
1259 3053 1290 3105 et
1315 3044 1349 3104 in

248 3137 387 3209 metricis
419 3147 452 3199 et
482 3136 514 3196 in
542 3136 735 3197 orationibus
766 3134 895 3196 eandem
922 3136 985 3197 vim
1006 3135 1113 3199 babet.
1167 3163 1203 3201 ex
1225 3142 1349 3205 relicuis

249 3245 353 3300 autem
374 3239 514 3321 quinque
532 3236 706 3318 melopoeia
726 3258 881 3297 summum
900 3244 946 3297 est
967 3236 1251 3302 condimentorum.
1272 3264 1348 3324 spe.

249 3339 407 3404 ctaculum
431 3349 535 3399 autem
559 3336 676 3397 animos
700 3336 828 3419 quidem
849 3344 945 3414 tenet,
966 3337 1021 3399 sed
1044 3338 1119 3399 artis
1138 3341 1269 3402 maxime
1290 3364 1346 3404 cx.

248 3461 321 3523 pers
335 3448 367 3500 et
386 3438 513 3499 minime
525 3437 694 3520 proprium
710 3437 871 3528 poeticae:
896 3438 1076 3519 tragoediae
1096 3440 1178 3500 enim
1192 3441 1234 3502 vis
1250 3443 1345 3505 etiam

248 3540 314 3602 sine
334 3540 506 3603 certamine
528 3547 560 3601 et
581 3537 783 3599 histrionibus
806 3548 859 3599 est.
878 3547 1041 3619 praeterea
1064 3538 1149 3599 circa
1171 3542 1359 3604 conlectio-⁴

247 3661 321 3701 nem
339 3641 590 3722 spectaculorum
621 3638 740 3722 opificis
770 3660 819 3700 ars
849 3638 953 3720 potius
982 3647 1125 3700 versatur
1147 3661 1242 3724 quam
1263 3664 1346 3725 poe.

249 3739 376 3822 tarum]

329 3846 359 3909 7.
402 3846 523 3923 Quibus
545 3845 699 3928 expositis,
719 3844 857 3907 dicamus
877 3846 939 3907 iam
962 3847 1087 3931 qualem
1110 3868 1173 3909 esse
1192 3860 1345 3932 oporteat

248 3946 506 4029 compositionem
529 3947 703 4029 factorum,
734 3946 990 4029 quandoquidem
1010 3946 1073 4009 hoc
1094 3957 1126 4009 et
1145 3949 1285 4032 primum
1308 3956 1343 4014 tt

246 4048 414 4110 maximum
434 4047 466 4106 in
488 4046 652 4129 tragoedia
674 4056 728 4108 est.
771 4055 893 4108 certum
915 4056 1020 4110 autem
1041 4048 1131 4110 nobis
1153 4059 1199 4111 est
1215 4059 1342 4132 tragoe.

247 4149 330 4210 diam
353 4169 416 4210 esse
436 4146 645 4209 imitationem
666 4147 826 4209 absolutae
856 4157 888 4209 et
909 4149 1004 4209 totius
1026 4147 1156 4209 actionis
1176 4172 1257 4232 quae
1281 4152 1341 4213 ali.

246 4270 341 4333 quam
372 4246 617 4334 magnitudinem
645 4247 776 4311 babeat:
810 4258 856 4312 est
885 4249 967 4311 enim
999 4257 1103 4311 totum
1128 4250 1223 4312 etiam
1251 4254 1340 4336 quod
