2892 4917
241 303 293 371 28·
560 361 566 366 .
617 304 965 371 ΑΡΙΣΤΟΤΕΛΟΥΣ

241 482 358 568 girran
384 482 511 563 μύθους
532 482 756 565 α’ττηρίθριουν,
787 485 846 548 νῦν
871 485 908 547 δὲ
939 485 1015 567 ιτερί
1041 483 1151 567 ὀλίγας
1179 471 1282 564 οἰκίας
1304 487 1338 552 αἱ
1437 537 1438 544 1

242 600 408 664 κάλλισται
437 600 611 685 τραγῳδίαι
633 601 846 677 συντίθενται,
880 593 947 666 οἷον
965 601 1041 682 περὶ
1061 602 1264 682 Ἀλκμαιλονα
1283 606 1340 668 καί

243 718 398 782 Οἰδίπουν
418 718 473 780 καί
491 717 635 799 Ὀρέστην
655 712 711 779 καί
730 719 922 800 Μελέαγρον
952 717 1009 780 καί
1028 718 1174 802 Θυέστην
1194 724 1251 784 καί
1275 718 1339 805 Tq'.
1437 759 1438 808 ι

239 840 348 919 tepor,
373 831 428 896 καί
446 827 533 907 ὅσοις
554 826 662 907 ἄλλοις
681 837 881 916 συμβέβηκεν
912 828 934 917 ἢ
953 839 1070 900 παθεῖν
1096 833 1185 899 δεινοὶ
1206 831 1228 920 ἢ
1248 841 1340 921 ποιῆ-

241 974 308 1016 σαιι
350 949 370 1032 ἦ
388 951 449 1029 μὲν
467 942 523 1013 οὖν
542 946 620 1014 κιττοὶ
643 947 702 1032 την
722 949 833 1033 τέχνην
854 953 1006 1032 καλλίστη
1020 953 1182 1038 τραγῳδία
1204 955 1240 1015 ἐκ
1259 951 1364 1016 ταί-5

212 1067 299 1151 θτης
317 1069 373 1149 τῆς
402 1061 584 1140 ουστοὶσεῶς
614 1067 708 1130 ἐστιν.
752 1063 802 1128 διὸ
826 1067 882 1129 καί
901 1062 931 1129 oi
953 1066 1113 1153 Εὐριπίδη
1134 1068 1341 1150 ἐγκαλοῦντες

241 1181 278 1247 τὸ
305 1182 385 1247 ου’τὸ
415 1180 679 1266 ἁμαρτάνουσιν,
708 1176 758 1246 ὅτι
787 1183 880 1247 τοῦτο
909 1184 972 1270 δρᾷ
992 1183 1026 1246 ἐν
1055 1190 1124 1257 ταῖς
1147 1184 1341 1270 τραγῳδίαις

242 1297 299 1366 καί
320 1297 438 1363 πολλαί
455 1300 555 1363 ου’τοῦ
575 1301 622 1373 είς
636 1298 812 1381 δυστυχίαν
830 1302 1026 1363 τελευτῶσιν.
1048 1301 1142 1364 τοῦτο
1162 1300 1224 1383 γάρ
1246 1303 1342 1382 ἐστίν,

242 1411 348 1499 ῶστιιρ
369 1413 504 1500 εἴρηται,
535 1414 645 1497 ὀρθόν.
688 1422 821 1497 σημεῖον
846 1418 882 1479 δὲ
910 1418 1078 1497 μέγιστον·
1119 1413 1176 1480 ἐπί
1193 1414 1254 1499 γὰρ
1277 1419 1342 1481 τῶν

241 1535 365 1617 σκηνῶν
392 1530 448 1595 καί
479 1532 543 1595 τῶν
563 1530 696 1613 ιίγῶνιον
731 1527 965 1615 τραγικῶταται
984 1528 1019 1597 αἱ
1041 1534 1188 1597 τοιαῦται
1211 1538 1381 1619 φαίνοντο

219 1665 303 1729 ται,
323 1640 364 1744 dp
383 1649 646 1731 κατορθωθῶσιν,
668 1645 723 1712 καί
744 1647 763 1712 ὅ
786 1649 979 1731 Εὐριπίδης,
1006 1652 1038 1712 el
1056 1647 1113 1713 καί
1129 1647 1170 1714 τοὶ
1191 1641 1274 1714 ῶλλα
1293 1648 1339 1733 μη

241 1756 281 1827 εδ
306 1765 480 1843 οίκονομεῖ,
510 1761 592 1830 α’λλὰ
614 1762 843 1849 τραγικῶτατὸς
863 1787 900 1846 γε
927 1768 991 1829 τῶν
1018 1766 1158 1848 ποιητῶν
1180 1766 1340 1849 φαίνεται.
1437 1779 1438 1792 ’

216 1880 379 1966 γδευτέρα
396 1881 427 1943 δ’
447 1876 468 1961 ἦ
488 1875 598 1962 τιρῶτη
618 1883 770 1964 λεγομένη
790 1877 853 1944 riuti
866 1904 958 1945 τινοιν
979 1879 1047 1946 ἐστι’
1066 1883 1232 1963 ου’στασις,
1253 1879 1275 1964 ἦ
1293 1883 1343 1945 διε

244 1998 326 2078 τιλῆν
345 2017 380 2058 τε
400 1991 458 2077 τήν
479 1993 634 2060 σύστασιν
656 1992 776 2076 ἔχουσα
799 2001 827 2079 [,
858 1998 1004 2080 καθάπερ
1033 1994 1268 2082 wltiacum]
1288 2000 1345 2060 καί

244 2112 423 2177 τελευτῶσα
444 2113 479 2187 ἐξ
511 2114 655 2185 ἐναντίας
683 2120 749 2186 τοῖς
768 2112 909 2194 βελτίοσι
929 2117 985 2178 καί
1002 2116 1155 2196 χείροσιν.
1199 2115 1290 2178 δοιαὶν
1307 2115 1383 2180 (lint

244 2221 328 2296 εἶναι
348 2226 456 2313 πρῶτη
479 2225 533 2291 διὰ
557 2226 696 2311 τὴντῶν
716 2227 866 2312 θεάτρων
897 2230 1082 2293 αόθίνειαν·
1127 2228 1344 2293 ἀκολουθοῦσι

215 2342 306 2430 8γιὶρ
328 2341 358 2408 oi
379 2347 510 2429 ποιηταί
535 2347 603 2408 κατ’
632 2342 731 2429 εὐχήν
758 2346 919 2419 ποιοῦντες
952 2353 1015 2420 τοῖς
1035 2349 1176 2424 θεαταῖς.
1218 2343 1345 2410 ἔστιδὲ

316 2522 358 2583 16.
378 2522 519 2596 θεάτρων]
537 2538 631 2575 rerum
649 2521 759 2576 videtur
775 2521 895 2578 θεατῶν.

245 2709 362 2773 fabulae
382 2707 613 2787 decantabant,
639 2708 692 2773 sed
714 2711 778 2771 iam
797 2710 881 2772 circa
904 2731 1017 2792 paucas
1039 2709 1169 2770 familias
1191 2707 1344 2791 pulcher.

245 2812 345 2872 rimae
366 2810 547 2893 tragoediae
568 2820 814 2893 componuntur,
835 2811 932 2874 veluti
961 2811 1046 2872 circa
1069 2811 1289 2871 Alcmaeonem
1311 2821 1344 2871 et

244 2911 406 2992 Oedipum
428 2920 459 2973 ct
482 2912 626 2973 Orestem
660 2922 693 2973 et
714 2912 906 2994 Meleagrum
936 2919 968 2972 et
995 2911 1163 2994 Thyestem
1195 2920 1228 2971 et
1247 2910 1344 2970 Tele-

245 3011 355 3093 pbum,
377 3020 409 3073 et
430 3010 677 3094 quibuscumque
698 3011 763 3071 aliis
785 3011 899 3073 accidit
919 3021 956 3072 ut
978 3020 1033 3071 aut
1061 3018 1249 3092 paterentur
1265 3001 1343 3091 gru-

244 3111 295 3171 viu
318 3122 372 3200 put
393 3119 569 3192 patrarent.
620 3103 969 3193 itaqucffirulcherrima
990 3109 1152 3193 tragoedia
1172 3110 1345 3171 secundum

247 3221 348 3272 artem
369 3223 414 3273 est
437 3234 517 3294 quae
536 3211 839 3292 hac‘compnsitione
859 3211 1013 3293 praedita.
1046 3218 1242 3293 quapropter
1264 3230 1343 3290 pee-

247 3320 321 3373 cnnt
342 3312 395 3393 qui
416 3311 561 3391 Euripidi
594 3311 626 3371 id
658 3312 758 3394 ipsum
788 3311 865 3374 vitio
892 3320 1039 3389 vertunt,
1060 3312 1147 3394 quod
1169 3311 1229 3370 boc
1249 3311 1346 3370 faciat

248 3413 282 3474 in
305 3411 475 3495 tragoediis
492 3421 524 3472 et
546 3412 662 3472 multae
674 3434 709 3472 ex
729 3413 792 3473 eius
807 3412 976 3494 tragoediis
999 3412 1030 3473 in
1052 3433 1101 3473 res
1124 3410 1266 3472 adversos
1286 3411 1344 3472 de.

246 3512 358 3573 sinant.
400 3511 565 3588 hocenim‚
588 3521 622 3572 ut
636 3511 764 3588 dictum,
785 3522 872 3574 recte
893 3511 1046 3575 sehabet.
1073 3534 1219 3594 maguum
1239 3519 1346 3573 autem

246 3613 381 3692 signum:
404 3635 476 3674 nam
498 3612 530 3671 in
550 3613 647 3673 scenis
671 3622 702 3674 et
721 3613 942 3674 certaminibus
960 3613 1091 3674 maxime
1113 3613 1250 3693 tragicae
1269 3612 1345 3672 tales

247 3711 407 3783 videntur,
431 3713 456 3771 si
478 3713 557 3774 bene
578 3721 790 3795 peragantur,
814 3723 847 3773 et
867 3713 1052 3794 Euripides,
1076 3735 1267 3796 quamquam
1289 3734 1345 3773 ce-

248 3819 317 3872 tera
338 3833 400 3871 nou
416 3812 498 3872 bene
518 3811 666 3893 disponit,
700 3824 731 3872 at
753 3812 885 3873 maxime
908 3813 1043 3894 tragicus
1067 3814 1150 3874 inter
1167 3822 1276 3893 poetas
1294 3812 1344 3870 vi-

249 3912 352 3973 detur.
394 3910 528 3972 secunda
559 3922 663 3972 autem
695 3920 741 3973 est
772 3934 854 3995 quae
876 3912 980 3993 prima
1003 3936 1021 3972 a
1050 3912 1205 3972 nonnullis
1228 3906 1347 3971 dicitur

248 4010 448 4092 compositio,
470 4034 549 4093 (luae
570 4022 601 4074 et
625 4012 779 4093 duplicem
803 4012 1065 4093 compositionem
1083 4012 1196 4073 babeat
1219 4014 1239 4090 [‚
1262 4011 1344 4072 sicut

249 4112 408 4194 Odyssen,]
431 4119 463 4173 et
484 4112 612 4173 finiatur
635 4113 669 4173 iis
694 4114 748 4195 qui
771 4113 914 4174 meliores
936 4121 1009 4173 sunt
1032 4120 1259 4192 contraquam
1288 4110 1346 4171 de.

250 4212 427 4273 lenioribus,
477 4212 605 4274 videtur
636 4223 740 4273 autem
769 4214 872 4294 prima
897 4235 960 4273 esse
982 4221 1117 4294 propter
1138 4211 1347 4292 spectantium

251 4311 515 4375 imbecillitatem:
539 4314 756 4395 obsequuntur
776 4315 859 4376 eninr
874 4324 987 4395 poetae
1007 4311 1200 4396 indulgentes
1220 4320 1348 4392 specta.
