2892 4917
340 305 780 375 praemonueram.
803 310 833 393 §-
856 316 885 377 ι.
1120 318 1185 378 ros

520 558 656 627 curor
683 564 767 654 rs„

176 782 299 852 Portos
320 786 512 871 trupoedtuo
530 793 610 854 rum
628 786 1022 865 commansionem
1040 789 1185 856 eiusdem

87 906 226 987 spectes
246 909 418 988 quattuor,
436 922 502 968 emo
522 903 683 988 implexa,
700 904 771 970 olto
791 904 971 988 potdettou,
991 905 1061 972 ulte
1080 925 1188 972 moru-

90 1019 159 1101 lis,
186 1027 308 1106 penta
339 1020 450 1106 paulis
469 1020 682 1088 Prometheus
709 1031 769 1089 ect.
790 1058 830 1070 -
871 1029 911 1088 nt
938 1028 1059 1109 treqtot
1089 1041 1190 1108 orpu-

91 1140 195 1201 noeatt
216 1141 327 1202 maus
346 1145 583 1219 conservetur,
604 1158 725 1204 emere
746 1140 844 1205 decet
863 1138 1071 1224 complemur
1090 1140 1189 1223 fetu·
1295 1169 1300 1186 ι

91 1256 224 1336 mma,
256 1275 360 1342 raeque
391 1254 493 1322 odoro
513 1254 660 1321 ersom
698 1256 780 1324 licet
805 1261 873 1324 uisi
903 1276 988 1344 quoe
1013 1264 1189 1364 proposito

91 1373 281 1439 conducunt
301 1379 335 1436 et
359 1376 437 1457 epte
457 1371 666 1440 cohaereant.

177 1574 210 1657 §.
242 1580 335 1648 1-3,
386 1566 550 1635 ἔστιδὲ
580 1568 716 1655 πάσης
747 1572 1192 1661 spumosae-terro
1236 1649 1242 1664 .

89 1671 217 1763 ἄμφω
238 1677 307 1741 del
328 1680 601 1760 κροτεῖσθαιι
621 1682 887 1765 primmnsignum
907 1702 946 1747 ac
966 1702 1110 1768 magnoni
1131 1703 1192 1769 quo

90 1785 171 1855 inec
194 1792 235 1854 alr
256 1789 434 1851 Aristotelis
455 1788 663 1871 explicatione
684 1791 885 1871 segregando
905 1808 975 1853 esse
997 1792 1112 1875 colligo
1132 1793 1192 1855 hoc

91 1907 151 1979 est,
174 1899 255 1982 qnod
275 1915 354 1981 quae
374 1898 408 1960 in
427 1898 537 1979 capitis
557 1904 607 1960 17.
636 1898 698 1960 tine
720 1903 752 1959 et
771 1898 844 1961 iude
865 1919 887 1963 s
908 1918 935 1963 c.
956 1905 1007 1981 18,
1029 1905 1059 1964 4.
1078 1901 1193 1964 docon-

90 2015 145 2071 tur
164 2007 215 2070 iris
238 2006 334 2069 illatis
353 2006 430 2068 mire
451 2005 649 2068 divelluntur.
669 2024 742 2069 nam
762 2012 902 2071 extrem
922 2026 949 2072 e.
975 2015 1027 2073 17.
1049 2028 1116 2072 nnn
1134 2029 1190 2074 ex-

88 2115 224 2197 positum
245 2119 326 2176 esset
344 2118 473 2194 propter
486 2112 640 2175 diversam
654 2115 830 2195 argumenti
850 2115 1060 2180 condicionem
1077 2118 1187 2198 poesin

89 2221 295 2286 dramaticum
313 2220 460 2285 brevibus
493 2220 640 2302 episodiis
670 2221 838 2304 distingui,
859 2222 977 2303 epicam
996 2225 1191 2306 longioribus

4 2365 5 2419 l
89 2330 231 2408 dilatori,
252 2330 313 2393 iam
327 2335 562 2392 consentaneum
577 2329 625 2394 cst
645 2337 680 2393 ut
699 2329 929 2412 tragoediarum
944 2333 1089 2413 scriptori
1109 2351 1193 2395 corn-

4 2424 5 2435 *
90 2440 262 2517 mandetur,
282 2455 323 2500 ne
342 2439 502 2503 materiam
516 2439 684 2520 cpopoeiae
703 2446 808 2521 aptam
828 2439 861 2502 in
881 2437 1047 2521 tragoedia
1063 2445 1191 2520 pertra·

4 2610 5 2633 ,
89 2556 179 2612 ctare
194 2546 285 2609 uelit
337 2545 370 2608 id
391 2562 468 2608 vero
501 2546 601 2626 ipsun
627 2551 771 2608 monetur
789 2544 909 2609 demum
931 2563 958 2607 c
981 2548 1031 2623 18,
1055 2548 1086 2609 d
1128 2563 1189 2626 quo
1220 2560 1222 2565 ·

89 2660 176 2721 lucto
199 2654 398 2737 praecipitur,
417 2652 697 2717 necromantica
709 2671 731 2716 a
749 2647 875 2717 fabiolae
889 2658 1070 2735 argomento
1082 2653 1189 2717 aliena

89 2767 165 2844 sint,
189 2783 228 2827 ac
258 2771 322 2826 tum
352 2768 450 2827 totum
480 2762 558 2826 illud
582 2762 802 2844 disputationis
833 2768 925 2844 caput
946 2761 988 2839 (c.
1013 2766 1054 2823 17
1075 2766 1107 2822 et
1128 2766 1188 2841 18,

4 2892 5 2899 “
89 2875 205 2951 4-7),
222 2873 254 2935 in
273 2889 333 2953 quo
366 2871 547 2953 tragoedias
579 2870 764 2953 scripturum
793 2870 932 2953 respexit
962 2875 993 2933 et
1012 2869 1188 2952 praeceptis

4 3046 5 3079 ,
89 2969 240 3044 machmit
260 2978 454 3058 Aristonus,
475 2977 588 3042 finium
631 2993 703 3039 num
722 2966 805 3040 fore
824 2976 909 3039 lnce
929 2975 1182 3056 illac.18‚1s.

4 3104 5 3125 ¹
89 3095 165 3171 apte
186 3087 281 3151 inseri
302 3085 452 3166 possuntt
493 3102 555 3145 non
575 3088 725 3164 possuntt
745 3083 857 3166 puippe
874 3098 939 3147 non
961 3084 1059 3148 solum
1079 3084 1185 3148 aliena

87 3200 172 3273 sum,
195 3192 362 3255 sedetiam
383 3191 494 3254 futilia„
536 3208 608 3253 nam
639 3191 788 3272 quaedam
810 3191 917 3254 inanis
937 3191 976 3253 de
996 3192 1035 3254 iis
1053 3198 1184 3273 tragoe-

87 3304 162 3366 diae
184 3299 324 3382 partibus
345 3299 541 3381 explicantur
560 3316 637 3380 quas
658 3298 788 3360 techdici
803 3296 889 3357 δέσιν
910 3305 941 3360 et
960 3292 1051 3361 λύσιν
1074 3300 1182 3382 appel·

86 3412 178 3488 lant,
200 3408 309 3470 deinde
340 3414 485 3491 quattuor
511 3406 742 3488 tragoediarum
767 3425 884 3489 genera
903 3426 966 3471 non
986 3410 1183 3491 explicantur

85 3518 144 3581 sed
168 3517 249 3579 nude
271 3522 486 3579 enumerantis
505 3521 537 3577 et
555 3515 686 3578 ridinulo
699 3523 865 3598 praecepto
886 3516 1076 3580 clauduntur.
1098 3517 1180 3580 alte-

85 3645 158 3690 rum
179 3624 299 3707 signnm
318 3623 376 3685 hoc
401 3629 458 3703 est,
480 3623 559 3705 quod
582 3623 762 3705 sinpliciter
782 3625 869 3704 ponit
887 3625 1031 3706 cuiusque
1052 3630 1180 3707 tragoe-

85 3735 161 3797 diae
202 3732 313 3814 partim
347 3749 415 3793 esse
449 3731 685 3812 implicatione·
719 3731 833 3813 partim
870 3732 1069 3813 solutionem,
1111 3750 1180 3794 esse

86 3858 183 3923 porro
204 3838 385 3919 tragoediae
405 3837 689 3921 quaesieramus,
712 3845 745 3900 et
767 3836 826 3900 loc
843 3838 889 3902 ita
908 3846 1020 3904 narrat
1038 3846 1072 3903 ut
1090 3840 1178 3903 nullo

86 3965 144 4010 sno
166 3946 278 4008 iudicio
297 3948 403 4007 utatur
423 3942 478 4007 sed
497 3949 580 4005 totus
601 3943 640 4007 ab
671 3944 820 4025 exemplis
839 3943 980 4025 pendeat.
1022 3942 1082 4006 hoc
1101 3962 1177 4006 vero

84 4053 246 4135 indignum
266 4058 314 4113 est
333 4050 510 4114 Aristotelis
530 4049 664 4132 ingenio.
689 4050 839 4113 ocemont
861 4050 925 4120 alio
945 4049 984 4114 de
1007 4050 1115 4133 quillus
1135 4050 1177 4114 nd

85 4163 227 4245 singulos
244 4163 330 4224 locos
351 4158 578 4241 disputabimus.

169 4268 198 4350 §.
229 4274 258 4333 1.
312 4262 359 4327 τὰ
392 4263 468 4343 μὲν
501 4253 659 4337 ἔξωθεν
684 4255 755 4321 aar*
782 4255 988 4328 iurando
1019 4255 1175 4326 ἔσωθεν

933 4367 977 4438 14
