2892 4917
319 295 362 358 ιιι
381 293 588 366 roscreen
602 298 689 367 oar.
702 305 733 364 o.
756 299 886 383 §.a-o.
1086 311 1149 371 ιιι

74 493 284 577 ¹nagocdiaqne
306 496 419 561 eisdem
441 498 596 578 separetis
616 492 710 579 (κοιλ
731 498 842 581 μέρος)
863 499 1060 567 imitationem
1081 524 1153 587 per.

79 611 202 685 agerent
244 622 323 686 quee
350 605 379 667 si
408 607 624 669 contulerimus
646 607 685 669 iis
708 625 787 689 qnae
817 609 856 670 de
876 609 981 671 eadem
1002 628 1039 672 re
1059 615 1153 693 paule

78 711 296 790 postdiotmtnr,
315 711 425 793 ··§.8.
446 707 480 773 τὸ
501 712 538 772 dl
556 711 657 792 χωρὶς
680 717 746 785 τοῖς
777 707 876 775 οἴδασι
896 709 930 776 ro*
953 710 1155 801 διαμέτρων

75 810 135 877 ἔνια
151 813 244 896 μόνον
263 815 472 898 οιεροοινεοθαι
483 818 538 879 καὶ
550 802 645 881 πάλιν
660 819 754 898 ἕτερα
776 815 831 882 διὰ
855 823 1015 902 μέλονς-,
1037 845 1057 889 a
1076 845 1155 890 vera

78 924 153 1016 irin
173 928 235 990 laci
266 928 519 1010 interpretatione
543 946 607 993 non
637 928 857 1022 abemaiimus.
905 925 974 1011 ei'd'q
999 933 1065 997 sive
1085 934 1153 998 ini-

80 1018 153 1097 aad
182 1035 827 1118 formae.(llcrstellnngsweiscn)
855 1044 920 1101 tres
941 1047 1013 1105 eant
1033 1041 1065 1105 in
1086 1048 1154 1107 tra·
1191 1098 1198 1124 ,

73 1137 194 1217 paedia,
214 1138 307 1203 dictio
327 1160 453 1204 numero
475 1142 627 1205 adstricta
648 1135 700 1225 (ιὰ
724 1140 860 1224 μέτρα),
883 1152 990 1209 cantus
1011 1147 1154 1231 (μέλος),

80 1246 188 1309 aduno
208 1235 382 1328 (ὄρχησις).
433 1249 493 1312 liae
514 1251 632 1313 formae
652 1268 715 1312 non
738 1269 844 1313 omnes
874 1252 907 1315 in
928 1254 1059 1337 singulis
1079 1277 1153 1338 par-

81 1354 146 1417 ne
168 1359 349 1437 tragoediae
370 1359 552 1423 coniunctae
572 1359 778 1440 reperiuntur,
812 1359 867 1424 sed
887 1362 939 1426 ulii
959 1364 1088 1439 metrica
1107 1373 1155 1429 est

82 1463 183 1541 omno,
212 1463 256 1525 ibi
277 1484 338 1528 non
366 1465 458 1528 οιὶιιαι
488 1466 608 1529 annea
633 1466 658 1544 ¹)
675 1473 711 1533 ‚et
732 1465 876 1532 saltatio:
905 1487 977 1532 nam
996 1470 1154 1537 meanto

81 1568 161 1650 (ta)
182 1571 269 1635 sotis
288 1574 405 1634 metris
421 1556 634 1634 absolvantur
656 1575 690 1633 et
711 1588 832 1635 meas
844 1570 915 1636 olio
933 1592 996 1657 per
1015 1581 1155 1641 enorme.

80 1679 124 1742 dn
143 1680 235 1742 aliter
255 1679 420 1760 explicant,
441 1697 516 1762 quos
529 1678 635 1761 'neque
661 1680 887 1761 reprehendere
908 1701 1006 1765 neque
1025 1685 1158 1749 laudare

75 1788 194 1851 minet:
212 1790 269 1850 sed
288 1807 380 1850 unum
399 1806 528 1866 moneo,
549 1807 611 1851 nen
629 1788 726 1850 licere
745 1784 903 1853 immutata
920 1792 1057 1855 codicum
1077 1794 1158 1856 scri·

80 1904 159 1974 pura
177 1897 208 1959 in
232 1895 379 1959 ennodi
398 1896 474 1959 loeis
494 1913 589 1958 verae
620 1903 784 1978 certaeque
809 1896 1057 1978 interpretationi
1087 1902 1158 1963 fun-

80 2005 206 2069 denenta
225 2006 415 2081 οιιΙιιιιιΙιοια
455 2000 553 2079 μόρια
576 2022 655 2087 quae
673 2004 705 2069 ln.
719 2007 742 2067 l.
764 2012 980 2085 memorantur,
1001 2025 1064 2069 non
1086 2018 1159 2070 sunt

80 2131 126 2176 eae
144 2115 323 2197 tragoediae
344 2118 450 2194 partes
480 2130 559 2194 qnae
578 2131 651 2175 mox
672 2120 906 2195 enumerantur,
927 2113 984 2176 sed
1004 2114 1163 2180 indefinite

80 2229 169 2299 putes
189 2221 371 2302 tragoediae
391 2221 534 2300 deinceps
553 2220 671 2300 positas
690 2218 854 2281 intellexit

172 2324 370 2406 δρώντων
402 2328 474 2388 καὶ
510 2323 554 2385 od
596 2326 648 2386 dd
678 2317 961 2404 α’νιαγγελιάςι
994 2331 1171 2417 ιιιιιςιιοιὶία1

79 2446 193 2520 agentes
202 2439 288 2520 ipsos
297 2438 451 2520 producit,
465 2438 613 2519 epopoeia
624 2435 763 2519 quanvis
774 2432 974 2512 ὅραματικῶς
987 2441 1158 2518 wnposlta

23 2540 24 2617 i
81 2554 125 2609 art
153 2549 224 2629 ipsa
253 2553 365 2610 narrat
392 2554 447 2610 aut
477 2546 600 2609 nonnisi
630 2547 727 2630 quoni
752 2548 886 2625 agentes
918 2543 1103 2625 introducit,
1121 2552 1158 2610 ut

23 2644 24 2705 ἶ
79 2653 244 2733 papium
249 2654 315 2716 eius
336 2653 492 2735 negotium
520 2653 561 2714 sit
583 2647 766 2728 ἀπαγγελία.
798 2652 878 2715 conf.
911 2654 981 2730 οῦ,
992 2649 1025 2717 4.
1065 2661 1157 2717 mute

23 2748 240 2839 nepum
260 2758 384 2840 scripsit
396 2752 544 2837 δρώντων
565 2754 620 2815 καί
640 2774 678 2812 ov
671 2752 744 2812 ’δι’
758 2750 959 2834 ἀπαγγελίας,
976 2777 1039 2822 non
1057 2752 1158 2838 δρῶν.

23 2868 24 2931 ζ
78 2864 204 2926 τινικαὶ
223 2885 282 2925 ουκ
295 2858 561 2943 ἀπαγγελλόντων,
582 2869 748 2946 propterea
770 2863 985 2944 quodetiam
975 2883 1008 2928 ιιι
1030 2872 1158 2949 tragoe-

23 2942 165 3037 diis‘
148 2966 258 3056 ρήοεις
278 2973 443 3052 α’γγελικαι
462 2973 668 3049 inveniuntur,
693 2970 779 3034 sed
769 2988 856 3052 ipsae
876 2971 1023 3036 eiusmodi
1043 2991 1158 3038 narra·

23 3074 164 3151 tiones
184 3089 315 3165 egentes
347 3081 471 3144 nuntios
496 3077 674 3161 (δρῶντας)
698 3079 867 3160 requirunt.
910 3083 1104 3165 tragoedia
1095 3085 1156 3167 rgi-

79 3195 121 3252 tur
136 3193 205 3255 dum
226 3187 419 3268 daoyyetr'oo
440 3187 571 3269 (epicam
585 3187 809 3266 narrationem)
833 3189 977 3268 excludit,
996 3184 1154 3268 ἀπαγγέλ-

79 3298 174 3372 λοντας
201 3306 305 3363 men
338 3296 481 3361 admittit.
535 3300 606 3377 post
636 3289 830 3372 ἅπαγγελιας
860 3296 1043 3375 partiendam
1071 3289 1153 3356 α’λλά

79 3403 147 3468 aldo
162 3415 292 3471 auctore
312 3406 451 3488 plerique
472 3374 623 3481 editores,
650 3402 815 3484 praecipue
838 3402 1037 3484 antiquiores,
1055 3402 1153 3475 inlar-

23 3546 24 3565 ι
79 3525 189 3593 munt,
213 3517 269 3579 sed
291 3516 403 3579 vocula
429 3514 535 3594 inepta
564 3513 690 3576 αιιιιΙΙο
723 3511 827 3573 codice
856 3512 984 3592 agnosci
1013 3512 1152 3575 videtur:

23 3622 154 3687 adest
172 3627 282 3688 saltem
304 3625 344 3686 ab
364 3623 408 3685 Ac
394 3622 491 3684 cB⁶N⁴¹
521 3620 568 3702 (id
589 3639 630 3684 ex
651 3619 786 3682 Bekkeri
807 3619 929 3682 silentio
953 3620 1114 3702 aliisque
1104 3640 1152 3685 ιιι-

23 3748 25 3815 ι
80 3726 153 3793 daie
171 3720 254 3793 c'erte
277 3728 573 3887 consequitur),
531 3724 717 3830 allodioeis
735 3724 874 3789 omnihus
891 3731 923 3788 et
937 3744 958 3788 a
971 3725 1045 3804 GQ.
1074 3728 1152 3793 inire

23 4012 24 4091 λ
107 4052 131 4124 1)
143 4053 248 4107 Dixerit
274 4048 418 4122 aliquis“
421 4066 512 4102 nonne
539 4047 652 4100 canticis
678 4043 793 4097 chorieis
823 4044 945 4098 subiecta
975 4053 1017 4097 est
1041 4045 1152 4097 metrica

23 4202 24 4205 ,
170 4144 291 4201 oratioi’
306 4155 441 4211 es3teane
460 4143 507 4197 sed
519 4142 678 4196 Aristoteles
695 4132 731 4194 τὰ
745 4145 836 4213 μέτρα
854 4141 974 4211 appellat
992 4156 1061 4210 quae
1072 4149 1153 4193 cantu

168 4243 296 4299 destituta
316 4252 389 4308 sunt,
402 4244 515 4317 μέλος
502 4250 535 4293 et
546 4242 715 4314 μελοποιίαν
736 4238 848 4306 lyricam
865 4236 1020 4303 tragoediae
1037 4246 1149 4309 portem.

933 4349 956 4417 9

867 4495 882 4531 ἱ
