2892 4917
292 363 328 402 rx
685 332 983 401 PRAEl'd'llolllS

281 538 420 626 coguitu
433 540 526 604 labet
546 540 591 603 itu
611 547 769 618 memoret,
789 546 942 622 tamquam
963 538 1069 602 eudem
1090 537 1265 620 legentibus
1287 556 1384 621 aeque
1437 565 1438 632 p

289 693 330 738 re
350 673 410 738 sibi
430 678 505 736 notu
527 676 648 750 esseut,
670 671 800 753 ideoque
826 689 920 752 saepe
940 670 1071 734 obseura
1094 675 1126 733 et
1146 669 1233 753 quasi
1252 669 1381 733 oraculo
1437 679 1438 754 l

290 809 453 893 uoqurm.
506 807 624 871 amm
652 807 733 888 quor
762 825 829 869 am
855 804 1069 887 explicationis
1096 803 1380 868 tenuerimus

289 942 396 1006 uultis
409 940 486 1003 loeis
507 939 633 1001 serioris
654 938 766 1001 uelutis
785 938 964 1021 scriptorem
986 945 1017 1000 et
1034 938 1266 1020 promerem
1287 937 1380 1001 relus

289 1073 428 1138 externis
457 1072 626 1137 inhiantem
653 1071 775 1154 urgelit,
799 1078 863 1134 tum
895 1090 972 1134 uuus
1000 1077 1084 1134 certe
1115 1072 1202 1134 locus
1221 1069 1263 1152 (c.
1279 1074 1331 1150 rt
1341 1069 1379 1150 9)

287 1215 444 1273 pretore·
467 1203 659 1271 umorue.
677 1210 781 1270 oetuto
806 1203 953 1269 minorem
982 1211 1014 1267 et
1034 1204 1113 1267 elius
1136 1204 1177 1285 (e.
1192 1210 1244 1285 2⁰,
1258 1203 1294 1285 1)
1315 1205 1377 1269 Ze-

287 1340 499 1406 nouefflro
529 1340 676 1406 imiorem
704 1338 848 1403 ostendit.
876 1340 959 1404 eoui.
979 1335 1193 1407 Commeatum
1221 1344 1326 1420 prtit)
1348 1345 1379 1402 et

285 1494 315 1558 p.
330 1479 492 1540 ml.-

370 1613 455 1688 Quae
475 1610 565 1673 modo
586 1611 692 1693 paucis
711 1610 817 1674 verbis
839 1610 989 1693 complexi
1011 1611 1066 1673 sed
1085 1610 1117 1674 iu
1137 1605 1377 1674 Commentario

285 1745 351 1807 suis
365 1744 444 1807 loeis
470 1744 652 1827 sprgillutim
686 1752 719 1808 et
737 1753 882 1809 accurate
901 1745 1053 1827 persecuti
1081 1762 1203 1822 meurs,
1225 1744 1377 1807 homiuem

285 1879 418 1962 produut
439 1880 539 1942 sterili
565 1878 707 1961 ingenio,
739 1878 854 1942 iudicio
883 1878 1003 1960 inepto,
1031 1878 1123 1941 voriu
1144 1877 1200 1940 scd
1219 1877 1378 1941 incondita

284 2013 433 2093 lectione,
463 2012 605 2075 doctriua
636 2013 692 2076 vix
712 2012 875 2093 mediocri,
908 2014 991 2076 iustu
1017 2031 1080 2075 nou
1101 2013 1239 2086 modico,
1261 2011 1325 2076 stili
1345 2016 1378 2074 et

199 2142 204 2154 '
283 2145 432 2209 orutiouis
456 2146 628 2229 ignarum.
648 2163 738 2227 quem
766 2146 818 2229 qui
838 2145 1035 2208 Aristotelem
1069 2163 1138 2207 mse
1169 2121 1375 2224 enitendum,

282 2279 348 2342 eius
362 2279 486 2362 iugenio
510 2285 541 2340 et
560 2279 669 2342 honori
690 2278 896 2361 turpissimam
916 2279 1066 2341 maculam
1094 2278 1283 2360 adspergere
1305 2296 1375 2339 sus.

282 2412 388 2477 tinent.
431 2413 523 2476 iidem
552 2419 687 2476 statuere
716 2413 776 2474 hoc
804 2417 972 2493 coguntur,
999 2401 1139 2475 illumin
1170 2411 1286 2473 maiore
1298 2379 1375 2492 'qui-

281 2546 350 2607 dem
380 2546 483 2626 operis
514 2550 610 2626 parte,
639 2545 746 2606 summi
777 2543 952 2625 philosophi
984 2549 1015 2606 et
1047 2544 1213 2606 doctissimi
1241 2544 1376 2607 hortinis

280 2677 470 2760 provinciam
491 2676 619 2758 egregie
641 2675 916 2756 administravisse,
937 2677 993 2738 sed
1013 2676 1140 2742 eundem
1161 2676 1194 2739 in
1214 2676 1291 2739 locis
1306 2695 1375 2742 non

281 2809 387 2891 puueis
410 2809 489 2872 adeo
510 2809 584 2873 sibiv
599 2809 754 2888 defuisse,
787 2813 821 2870 ut
844 2808 1062 2889 ineptissimum
1087 2809 1325 2889 grammaticum
1343 2816 1376 2873 et
1437 2805 1438 2900 }

280 2942 430 3004 misellum
450 2941 516 3004 ludi
537 2941 718 3052 magistrum
740 2940 849 3022 egerit.

378 3072 466 3135 lluue
493 3071 590 3154 igitur
610 3072 721 3136 librum
740 3072 901 3135 Aristoteli
931 3074 1043 3155 purtim
1077 3074 1235 3139 vindicam
1257 3073 1374 3156 pamm
1437 3027 1438 3052 o

281 3206 437 3288 denegare
469 3205 614 3289 cogimur.
670 3201 725 3267 sed
757 3205 906 3286 quomodo
936 3206 1059 3269 taudem
1081 3207 1141 3270 hoc
1166 3209 1281 3271 fuctum
1301 3226 1375 3272 esse

281 3338 439 3400 disemus?
492 3337 533 3400 od
562 3303 652 3419 quum
673 3338 880 3419 quaestionem
908 3346 1071 3420 antequam
1094 3340 1284 3421 respondeo,
1313 3339 1377 3403 hoc

281 3471 359 3535 tolle
378 3487 507 3549 memor,
527 3470 667 3533 benivole
691 3473 806 3552 lector,
827 3472 1065 3535 demonsiretum
1085 3492 1106 3535 a
1126 3491 1175 3538 me
1194 3491 1276 3551 esse,
1298 3472 1374 3537 Ari·

281 3604 402 3666 stotelis
423 3603 576 3668 Poeticom
613 3610 644 3667 et
665 3590 803 3668 mutilam
833 3612 865 3667 et
884 3617 991 3668 rursus
1011 3605 1121 3669 olienis
1154 3606 1376 3686 additamentis

280 3734 442 3800 dilatatum
463 3741 696 3818 corruptamque
718 3736 759 3800 ad
780 3756 838 3800 uos
857 3738 1044 3818 pervenisse,
1065 3737 1098 3802 id
1119 3740 1198 3820 quod
1217 3744 1309 3821 caput
1325 3744 1377 3806 rei

282 3868 356 3931 milri
377 3869 520 3949 videtur,
546 3869 601 3931 sed
631 3888 694 3933 eur
713 3877 743 3933 et
766 3869 921 3953 puonrodo
950 3870 1010 3933 hoe
1030 3871 1218 3952 facturuml,
1239 3872 1271 3935 id
1293 3891 1377 3937 uon-

281 4000 341 4066 nisi
363 4003 555 4065 coniectura
585 4002 740 4066 declarari
768 4022 868 4084 posse.
924 4003 1070 4068 eiusmodi
1101 4003 1198 4087 igitur
1225 4003 1264 4066 de
1296 4004 1379 4069 Poe-

283 4135 364 4220 tioue
394 4135 468 4197 fotis
495 4136 676 4200 senteutiam
705 4156 766 4219 ego
796 4136 858 4199 iam
886 4139 1052 4219 proferam·
1110 4136 1227 4200 scilicet
1247 4137 1378 4203 scholae

282 4273 503 4354 Peripateticae
526 4274 664 4337 alumnus
689 4275 810 4358 quidem
830 4276 946 4359 ingenii
967 4277 1087 4341 dotibus
1102 4297 1211 4359 porum
1234 4284 1375 4363 ornatus,
