2892 4917
285 303 307 365 ι
663 291 1033 386 Arrsrorraorr,¹

285 471 306 556 ἢ
323 471 380 539 καί
404 468 574 552 τοιούτους,
589 515 606 529 -
622 467 727 555 ὥσπερ
758 470 787 536 οὶ
810 479 966 557 γραφεῖς·
1009 454 1220 555 Πολυγνωτος
1239 473 1300 555 μὲν
1320 470 1386 559 γιὲρ

286 594 458 673 κρείττους,
472 586 619 653 Παύσων
640 591 676 652 δὲ
694 592 837 671 χείρους,
849 587 1017 662 Διονύσιος
1038 589 1074 652 δὲ
1095 585 1225 667 ὁμοίους
1245 584 1384 666 εἴκαζεν.

259 710 383 792 οδήλον
403 707 439 770 δὲ
460 698 510 769 ὅτι
531 701 586 767 καί
604 706 668 768 ταῖν
699 707 877 786 λεχθεισῶν
897 698 1013 787 ἑκάστη
1034 701 1200 787 μιμήσεων
1221 705 1283 781 ἕξει
1304 701 1386 768 τοιοί-

285 847 341 898 τας
361 820 418 897 τὰς
438 816 606 906 διαφοράς,
626 818 682 884 καί
701 819 791 884 ἔσται
811 816 905 903 ἑτέρα
928 821 973 907 τῷ
993 821 1086 902 ἕτερα
1114 823 1287 900 μιμεῖσθαι
1309 821 1386 884 τοῦ·

257 950 339 1011 ὅταν
363 934 416 1002 τὸν
434 931 560 1020 τρόπον.
615 934 671 999 καί
691 915 751 1017 γάρ
774 936 809 998 ἐν
830 934 964 1018 δρχήσει
984 936 1041 998 καί
1061 931 1195 1018 ου’λήσει
1213 933 1270 998 καί
1288 939 1406 1002 nsua-s

285 1053 369 1138 ρίοει
389 1049 458 1117 ἔστι
476 1052 625 1135 γενέσθαι
655 1053 774 1127 ταύτας
792 1048 849 1127 τὰς
869 1045 1109 1134 ἀνομοιότητας,
1140 1051 1197 1113 καί
1210 1052 1287 1133 περί
1309 1049 1385 1127 τούς

284 1167 394 1252 λόγους
416 1171 452 1232 δὲ
473 1169 529 1233 καί
546 1165 605 1252 τήν
632 1166 863 1252 ψιλομετρίαν,
894 1159 960 1232 οἶον
975 1160 1113 1249 Ὅμηρος
1137 1167 1197 1247 μὲν
1216 1168 1383 1250 βελτίους,

283 1286 444 1370 Κλεοφῶν
466 1285 502 1349 δὲ
524 1282 661 1366 ὁμοίους,
676 1279 829 1366 Ἡγήμων
858 1284 894 1346 δὲ
917 1278 934 1345 ὅ
959 1276 1076 1356 Θάσιος
1098 1279 1115 1344 ὅ
1136 1278 1194 1358 τοὶς
1216 1279 1384 1369 παρῳδίας

284 1396 420 1483 ποιήσας
450 1400 574 1482 πρῶτος
603 1401 658 1462 καί
688 1395 872 1483 Νικοχάρης
913 1394 930 1460 u‘
968 1393 1027 1481 τήν
1058 1395 1205 1482 Δηλιοὶδοι
1240 1401 1382 1482 χείρους.

254 1514 401 1605 ηδμοίως
422 1512 535 1581 δὲκαὶ
555 1516 631 1600 περί
649 1511 725 1589 τούς
751 1512 973 1600 διθυράμβους
994 1510 1050 1576 καί
1076 1511 1151 1595 περί
1171 1511 1247 1589 τούς
1265 1512 1381 1596 νόμους
1392 1543 1418 1579 ιο

284 1639 314 1718 [,
338 1632 380 1708 ὦς
401 1635 535 1718 Πέρσας
563 1634 619 1697 καί
642 1630 825 1707 Κύκλωπας
851 1633 1006 1711 Τιμόθεος
1031 1628 1087 1695 καί
1107 1628 1274 1709 Φιλόξενος
1282 1637 1304 1715 ,]
1326 1658 1382 1715 με·

282 1748 419 1833 μήσαιτο
441 1741 481 1812 ἄν
500 1771 556 1823 τις.
578 1749 707 1836 ἕναδτῇ
729 1750 764 1812 δὲ
784 1750 824 1833 τῇ
845 1748 988 1835 διαφορᾷ
1005 1748 1061 1811 καί
1078 1746 1099 1831 ἦ
1116 1750 1277 1846 τραγῳδία
1298 1748 1382 1835 πρὸς

282 1862 341 1948 τήν
361 1866 535 1953 κωμῳδίαν.
553 1867 736 1949 διέστηκεν·
780 1862 801 1947 ἦ
821 1859 958 1950 μὲνγὰρ
980 1866 1110 1949 χείρους
1130 1863 1150 1949 ἡ
1176 1868 1212 1930 δὲ
1233 1869 1381 1947 βελτίους

275 1983 454 2066 μιμεῖσθαι
473 1977 620 2062 βούλεται
642 1982 706 2043 τοῖν
728 1961 802 2043 νῦν.ο

359 2088 427 2158 Ἔτι
448 2093 484 2158 δὲ
502 2092 624 2159 τούτων
646 2093 735 2179 τρίτη
756 2092 899 2181 διαφορά
923 2093 959 2159 τδ
982 2091 1163 2170 deductura
1184 2094 1302 2161 τούτων
1322 2110 1413 2179 rat-3

282 2206 417 2295 μήσαιτο
439 2199 477 2275 ἄν
496 2233 555 2285 τις.
597 2206 653 2275 καί
670 2207 731 2295 γὰρ
755 2212 789 2275 ἑν
815 2217 883 2286 τοῖς
904 2210 1014 2288 αιίτοῖς
1032 2211 1089 2276 καί
1107 2207 1147 2276 ru*
1168 2208 1251 2278 αὐτοὶ
1268 2223 1382 2297 μιμεῖ-

354 2416 379 2467 1.
397 2414 548 2489 τοιούτους]
567 2415 709 2475 τοιούτους
725 2411 834 2487 ἀνάγκη
850 2419 1003 2487 μιμεῖσθαι
1019 2414 1112 2468 Αίδαο.
1197 2414 1223 2469 6.
1244 2419 1380 2491 καὶπερὶ

253 2573 261 2588 ἱ
352 2510 453 2564 Aldus:
473 2515 522 2564 καὶ
539 2505 571 2566 τὸ
588 2515 656 2581 περὶ
671 2511 781 2562 scaeua
800 2518 829 2563 et
845 2510 1017 2564 Momneset
1032 2510 1152 2583 GLPQ.
1223 2511 1250 2565 8.
1270 2510 1286 2567 ὁ
1305 2515 1379 2566 alte·

353 2623 412 2656 rum
429 2623 475 2657 om
493 2606 602 2658 λοΒνΝιι
633 2614 661 2657 et
684 2606 713 2658 M
731 2621 823 2657 omnes
847 2613 876 2657 et
893 2605 987 2678 GLQ.
1085 2608 1127 2658 11.
1149 2604 1187 2667 ὥς
1205 2608 1316 2679 περγᾶς
1332 2611 1378 2676 bv,

355 2697 451 2774 ὥσπερ
467 2699 521 2772 γᾶς
538 2699 620 2765 ΒθΝῑ,
639 2697 676 2761 ὥς
694 2704 804 2772 πέργας
823 2699 918 2753 Aldus.
943 2701 1015 2754 conf.
1035 2699 1270 2756 commentar.
1380 2741 1382 2748 a

282 2886 405 2969 peiores
428 2895 483 2947 aut
506 2884 640 2947 eiusdem
662 2884 792 2963 moduli,
806 2929 823 2941 .
844 2896 880 2948 ut
901 2886 1056 2969 pictores:
1080 2886 1272 2972 Polygnotus
1293 2889 1379 2951 enim

282 2987 447 3063 meliores,
474 2986 573 3046 Pauso
603 2985 749 3073 peiores,
779 2986 947 3070 Dionysius
976 2987 1086 3049 similes
1112 2988 1269 3072 pingebat.
1311 3014 1380 3055 ma.

282 3083 428 3147 nit'estum'
446 3106 522 3146 vero
545 3094 590 3146 est
611 3084 705 3145 etiam
720 3086 845 3145 illarum
864 3108 939 3168 quus
953 3087 1015 3147 dixi
1036 3089 1248 3150 imitationum
1267 3112 1380 3151 unam-

284 3207 441 3270 quamque
469 3184 649 3246 habituram
678 3206 741 3246 esse
764 3184 819 3246 has
848 3184 1053 3264 differentias,
1085 3189 1299 3274 diversamque
1328 3192 1379 3253 fu.

280 3295 405 3364 turam,
427 3295 526 3368 prout
554 3284 674 3345 diversa
698 3284 729 3344 in
752 3286 814 3346 hoc
837 3308 950 3369 genere
972 3286 1161 3350 imitabitur.
1208 3291 1322 3353 etenim
1344 3293 1378 3353 in

281 3386 446 3448 saltatione
468 3393 499 3445 et
524 3383 558 3444 in
581 3378 739 3446 tibiarum
761 3385 962 3469 citharaeque
983 3393 1077 3448 cantu
1098 3389 1171 3452 lieet
1189 3391 1283 3454 inesse
1304 3392 1378 3454 has-

283 3509 319 3548 ce
348 3485 555 3563 diversitates,
586 3483 680 3545 etiam
701 3484 732 3545 in
763 3487 958 3548 sermonibus
988 3497 1019 3549 et
1046 3489 1137 3551 nudis
1167 3493 1293 3571 metris,
1324 3516 1379 3556 ve-

283 3587 341 3647 luti
369 3587 523 3647 Homerus
556 3585 719 3663 meliores,
747 3586 909 3669 Cleophou
936 3588 1068 3667 similes,
1101 3591 1238 3674 Hegemo
1270 3605 1378 3656 autem

281 3687 428 3765 Thasius,
462 3686 517 3768 qui
544 3686 690 3767 parodias
719 3687 838 3768 primus
867 3688 941 3749 feeit
972 3697 1004 3750 et
1027 3690 1214 3753 Nicocbares
1238 3693 1377 3757 Deliadis

282 3795 404 3863 auctor,
427 3787 564 3868 peiores.
606 3787 791 3868 pariterque
813 3787 897 3847 circa
918 3787 1132 3871 dithyrambos
1153 3803 1185 3854 et
1207 3793 1293 3854 eirca
1314 3815 1377 3854 no.

281 3907 348 3946 mos
379 3889 408 3967 [‚
439 3893 475 3945 ut
502 3886 609 3947 Persas
641 3897 672 3948 et
704 3886 854 3969 Cyclopes
883 3887 1064 3951 Timotheus
1094 3900 1126 3952 et
1155 3892 1343 3954 Philoxenus
1353 3897 1377 3975 ,]

281 3985 379 4070 possit
406 3985 515 4071 aliquis
536 3985 662 4047 imitari.
705 3986 773 4068 ipsa
800 3986 858 4046 hae
882 3987 1055 4050 differentia
1077 3977 1240 4074 tragoedia
1261 3993 1378 4055 disces-

281 4087 322 4149 sit
343 4109 360 4146 a
383 4084 562 4147 comoedia:
586 4084 663 4149 haee
684 4088 767 4147 enim
783 4089 907 4167 peiores
931 4088 985 4150 illa
1014 4099 1118 4152 autem
1140 4092 1284 4156 meliores
1306 4094 1378 4156 imi.

282 4186 344 4247 turi
366 4186 431 4249 vult
456 4206 549 4267 quam
572 4187 625 4267 qui
649 4208 733 4246 nunc
754 4195 837 4247 sunt.

365 4283 398 4347 3.
439 4285 541 4349 Etiam
558 4285 651 4348 tertia
666 4284 781 4347 horum
804 4288 978 4352 differentia
995 4292 1156 4374 quomodo
1180 4294 1298 4377 singula
1313 4293 1375 4356 ho.
