2892 4917
349 286 393 373 m
413 281 616 353 nonmcun
638 286 725 353 cun.
749 295 798 354 m.
821 288 850 372 §.-
870 296 963 356 2-4.
1138 299 1202 359 em

101 470 167 547 15,
191 472 222 533 4,
254 465 399 548 τέταρτον
422 469 457 546 δὲ
478 465 512 536 τὸ
534 464 656 549 ὁμαλὸν
677 473 735 543 buo
756 474 855 538 traxit
883 475 1000 539 infelici
1028 476 1203 544 conlectura

12 601 13 616 ι
102 580 238 643 ductus:
259 598 330 643 uam
348 573 382 639 τὸ
406 574 523 655 ὁμαλὸν
533 599 651 645 morum
665 581 745 662 (τῶν
759 579 861 661 ἠθῶν)
884 591 931 645 est
953 586 1119 666 proprium,
1137 606 1201 650 nun

103 688 298 769 tragoediae.
339 707 397 751 nec
418 708 493 752 vero
514 681 636 766 ὁμαλόν
657 708 714 772 pro
737 686 857 762 ἁπλοῦν
877 692 938 754 dici
950 692 1071 757 Graece
1083 700 1202 776 potest,

104 804 143 864 m
163 797 293 861 llublius
314 799 482 864 victorium
501 783 550 863 vde
575 792 698 877 ὁμαλὸν
718 819 781 863 nou
813 800 880 863 siue
900 819 994 865 causa
1012 801 1201 867 dubitantem
1290 855 1293 861 ,

104 907 335 988 reprehendens
357 908 553 972 existimavit.
602 908 654 991 qui
676 909 776 971 locum
795 909 905 990 capitis
931 915 982 988 nd,
1005 916 1034 973 1.
1057 892 1218 998 conside.

104 1017 235 1095 raverit,
258 1007 399 1092 ἁπλοῦν,
429 1006 494 1078 οἷον
514 1017 548 1080 in
569 1017 707 1079 ordinem
738 1017 883 1099 redigere
905 1019 998 1097 volet,
1021 1017 1077 1087 sed
1099 1037 1200 1082 exeru-

12 1137 13 1204 j
103 1124 226 1205 plorum
245 1124 429 1190 desiderium
460 1124 541 1189 bunc
560 1125 711 1191 bominem
741 1126 894 1208 abripuit,
915 1133 950 1190 ut
968 1146 1079 1191 nomen
1099 1127 1202 1211 quarti
1255 1141 1258 1148 ·

102 1232 229 1314 generis
249 1251 364 1314 ponere
384 1232 625 1298 oblivisceretur.
1022 1249 1024 1253 ’

188 1339 263 1421 §.a
303 1333 488 1417 μάλιστα
508 1340 582 1417 μὲν
602 1329 673 1402 otia
695 1329 863 1403 ἅπαντα
885 1339 1203 1419 δεῖπειρᾶσθαι

101 1437 236 1524 ἔχειν,
256 1444 355 1508 εἰδὲ
384 1439 453 1527 μή,
482 1440 530 1507 τά
550 1445 733 1527 μέγιστα
762 1444 834 1507 καί
852 1449 1048 1508 πλεῖσται
1075 1447 1202 1512 divisio·

103 1556 196 1620 ulons
230 1576 251 1618 a
281 1575 315 1618 se
351 1556 518 1637 propositis
550 1556 627 1619 duas
654 1556 794 1639 adiungit
822 1555 1053 1632 admonitiones.
1096 1574 1202 1622 carrum

12 1647 13 1692 i
103 1664 193 1745 prior
216 1672 336 1745 spectat
357 1664 397 1727 ad
416 1670 524 1745 poetas
545 1664 725 1745 tragoedias
745 1665 931 1745 scripturos,
953 1664 1056 1726 altera
1076 1663 1200 1726 lectori-

101 1770 160 1834 bus
181 1772 233 1833 vel
262 1772 485 1851 spectatoribus
505 1771 633 1848 suadet,
653 1777 687 1833 nt
713 1770 793 1833 iuste
821 1770 993 1852 leuiterque
1023 1769 1062 1831 de
1085 1769 1200 1834 fabulis

102 1879 238 1942 iudicare
259 1878 365 1943 velint
406 1877 509 1959 itaque
530 1878 600 1940 dum
622 1885 733 1958 poetae
763 1877 973 1957 commendat,
996 1882 1030 1940 ut
1049 1876 1077 1940 is
1098 1878 1201 1941 onmia

102 1983 220 2049 babere
239 1985 285 2064 (in
304 1983 489 2067 tragoediis)
511 1990 646 2062 conetur,
669 1985 718 2047 sin
740 1985 848 2059 miuus,
870 1983 1057 2067 gravissima
1078 1989 1110 2045 et
1129 1984 1199 2064 plu-

102 2094 191 2167 tima,
213 2112 253 2155 ea
273 2092 439 2156 admonitio
457 2092 588 2157 ridicula
609 2100 702 2155 estet
721 2092 833 2174 inanis,
855 2093 985 2155 ridicula
1003 2098 1133 2173 propter
1151 2091 1200 2154 ui-

102 2202 195 2265 miam
211 2201 337 2290 benigni
357 2201 499 2283 magistri
519 2200 708 2278 facilitatem,
731 2199 832 2263 inanis
845 2200 926 2282 quod
940 2219 1018 2291 quae
1038 2199 1100 2261 siut
1123 2219 1199 2283 gra·
1327 2190 1334 2207 '

12 2355 13 2380 ,
104 2309 232 2372 resima
253 2329 316 2372 non
335 2309 514 2389 explicatur.
538 2327 600 2372 uon
612 2309 711 2371 minus
732 2310 820 2385 mira,
843 2327 882 2370 ne
903 2309 1002 2372 dicam
1021 2307 1137 2388 inepta,
1152 2311 1216 2378 est,

12 2401 13 2430 ³
103 2415 232 2497 quercla
252 2415 308 2477 illa
327 2401 430 2483 ἄλλως
445 2432 478 2473 τε
495 2412 549 2473 καί
568 2408 612 2483 ὥς
634 2413 691 2472 νῦν
713 2412 945 2508 σιικοφαντοῦσι
965 2406 1038 2484 τοὺς
1059 2408 1198 2492 ποιητάς,

12 2605 13 2608 ¹
103 2520 193 2602 quasi
223 2520 380 2599 iudicas,
408 2524 546 2585 numal
577 2521 678 2583 auch
710 2519 781 2583 wie
811 2539 900 2583 man
927 2518 1197 2601 jctztbinter

12 2637 13 2720 l
103 2630 177 2691 den
208 2630 568 2693 armenDicbtern
597 2630 755 2693 berist.
798 2629 1198 2711 sedbaecproderemibi

12 2757 13 2820 j
102 2738 248 2800 videntur
270 2738 450 2820 disciplinae
472 2739 694 2821 Peripateticae
714 2741 868 2801 alumnum
890 2739 1039 2820 quendam
1055 2739 1097 2802 ad
1115 2738 1198 2802 Aca-

12 2823 13 2888 Ῐ
103 2847 237 2910 demicus
268 2847 330 2928 (illi
351 2849 489 2911 Platonis
509 2847 648 2928 exemplo
680 2851 789 2927 poetas
822 2847 856 2909 in
889 2846 993 2908 multis
1014 2846 1197 2928 saepiusque

102 2959 215 3023 iniuste
234 2963 265 3019 et
285 2956 454 3039 speciosius
473 2975 564 3040 quam
584 2957 688 3024 verius
704 2954 985 3040 reprehendebant)
1009 2954 1145 3039 maligne
1166 2962 1198 3018 et

102 3066 254 3131 invidiose
274 3068 495 3149 respicientem.

181 3168 350 3236 δίκαιον
377 3172 418 3235 δὲ
446 3173 515 3234 καὶ
539 3174 605 3239 κτλ.
647 3174 725 3238 hacc
747 3174 789 3238 ad
808 3174 942 3255 priorem
963 3173 1049 3237 illam
1071 3171 1197 3238 divisio-

102 3300 180 3362 nem,
201 3282 365 3345 sccundum
396 3300 487 3364 quam
515 3281 681 3363 tragoedia
711 3274 798 3340 δέσει
830 3287 862 3340 et
882 3274 973 3339 λύσει
1003 3279 1196 3360 contineam,

102 3395 254 3473 spectant
296 3407 404 3452 moneo
425 3407 516 3471 quam
547 3388 624 3450 dure
642 3384 737 3448 τοῦτο
759 3383 880 3445 dot-aet
900 3378 989 3455 λύσις
1012 3384 1195 3466 inferantur.

12 3557 13 3572 ,
97 3489 217 3562 iusnnu
249 3498 399 3562 sermonis
430 3496 584 3562 vinculum
603 3494 711 3559 deest:
742 3493 877 3557 membra
897 3494 1023 3576 singula
1041 3495 1118 3557 mire
1139 3494 1196 3557 ad-

101 3612 282 3669 nectuntur:
299 3598 422 3664 δίκαιον
437 3601 457 3662 <l
465 3602 480 3665 ὲ
567 3602 659 3674 ,τοῦτο
675 3599 718 3662 δέ
800 3601 911 3667 πολλοὶ
931 3599 975 3661 δὲ
1074 3598 1195 3662 δεῖδὲ.

102 3714 179 3796 qma
200 3713 329 3794 «lenique
351 3715 459 3776 volunt
481 3710 540 3775 sibi
558 3709 613 3771 det
629 3708 665 3769 δὲ
686 3699 786 3791 ἄμφω
806 3698 858 3770 o'ceu'
878 3706 1083 3787 κροτεῖσθαιὲ
1124 3729 1197 3773 num

104 3822 173 3903 boc,
196 3822 307 3886 bonam
333 3822 570 3904 implicationem
603 3820 783 3908 bonamque
797 3818 978 3884 solutionem
1008 3816 1195 3880 laudandam

106 3933 199 3993 esset
239 3930 329 3993 immo
351 3929 448 3992 verba
466 3926 690 3990 banc-offerunt
709 3925 899 4001 sententian,
923 3922 1034 3987 bonam
1056 3922 1195 4002 implica·

105 4038 219 4100 tionem
251 4042 283 4098 et
310 4036 423 4099 malam
460 4034 642 4116 solutionem
682 4047 803 4113 semper
838 4029 981 4138 laudibus
1007 4048 1195 4113 prosequen·
1282 4093 1286 4106 ,

12 4141 13 4220 ζ
106 4143 174 4206 dam
196 4162 273 4208 effic.
682 4190 702 4235 y.
963 4133 966 4138 ⁴

179 4249 261 4332 §.d
308 4242 390 4336 χρὴ
424 4239 779 4331 δὲ·τραγῳδιάνε
810 4256 893 4307 nuuc
918 4243 1036 4306 demum
1059 4241 1191 4306 reverti-
