2892 4917
261 332 325 393 212
649 269 975 392 communiterve
1109 329 1116 340 '

262 528 367 573 coram
387 508 611 591 spectatoribus
635 528 704 572 sese
733 508 845 573 oceidit
866 514 920 574 aut
942 506 1100 584 occiditur,
1123 524 1192 570 sese
1213 506 1365 571 ralamat

129 694 131 702 ἲ
261 619 428 682 velvexat
458 625 512 681 aut
542 619 725 681 vulneratur
757 618 981 695 velvexatur,
1012 616 1078 680 eia
1109 615 1181 680 uit
1202 616 1396 679 heiden'

262 728 339 807 (nou
360 726 431 789 mit
454 725 820 805 heidenschalten)
844 726 1040 788 erililltes
1067 722 1204 788 Stllcle
1247 723 1366 787 Aiaces

260 836 358 917 igitur
378 834 448 898 huic
472 833 586 898 homini
604 835 788 917 tragoediae
809 841 881 897 sunt
901 832 1084 914 παθητικαί,
1107 833 1251 917 muniam
1274 832 1364 897 Aiax

259 943 457 1006 Telamonius
479 942 545 1025 ipse
566 962 600 1005 se
624 943 784 1021 interficit,
808 941 971 1005 Locrensis
991 960 1012 1004 a
1032 941 1175 1003 Minerva
1190 939 1361 1016 occiditur3

259 1051 333 1115 item
355 1050 496 1130 lxiones,
529 1050 674 1133 quoniam
703 1049 793 1114 Ixion
822 1056 912 1113 rotae
942 1049 1109 1112 adstrictus
1132 1065 1249 1131 graves
1268 1048 1365 1111 laho-

259 1178 311 1223 res
331 1162 459 1241 perfert.
502 1159 619 1223 Ixionis
640 1157 778 1223 fabulam
808 1164 873 1241 tres
899 1156 1083 1241 tragoediae
1106 1156 1249 1222 Graecae
1270 1157 1364 1240 priu-

261 1268 346 1348 cipes
367 1268 567 1349 scripserant.
608 1269 786 1349 fragmenta
807 1266 957 1330 nonnulla
977 1266 1050 1328 iude
1069 1271 1254 1328 conservata
1274 1271 1361 1332 suna.

259 1376 340 1440 coni.
361 1376 501 1441 liindori.
523 1371 615 1440 Poet.
635 1392 728 1439 scen.
752 1370 811 1439 Gr.
832 1374 865 1436 in
891 1370 1170 1450 daoonocpau'eoe
1200 1391 1231 1455 p.
1251 1376 1283 1437 8.
1304 1377 1361 1436 42.

259 1486 311 1548 95.
354 1483 512 1548 comoedia
543 1477 642 1558 Ἰξίων
662 1482 776 1546 Eubuli
795 1481 941 1547 laudatar
969 1483 1009 1547 ah
1037 1482 1196 1546 Athenaeo
1219 1481 1300 1545 vm.
1324 1500 1360 1563 p.

259 1592 382 1659 3471).
439 1592 610 1675 Sophocles
630 1597 757 1673 praeter
779 1590 907 1654 iliacam
926 1582 1164 1671 paceoyopdpoo
1184 1590 1237 1652 rel
1257 1589 1360 1652 'l'ela-

257 1703 391 1767 monium
411 1700 604 1783 superstitem
627 1699 718 1762 etiarn
737 1694 884 1764 Locrmu
898 1697 993 1780 (Oilei
1008 1696 1048 1778 i.)
1071 1697 1248 1780 composuit,
1269 1696 1362 1760 cuins
1384 1703 1388 1710 '

255 1814 433 1893 fragmenta
454 1806 517 1871 vid.
541 1827 590 1888 ap.
614 1807 755 1874 iliodori.
777 1828 807 1888 p.
832 1813 883 1870 29.

340 1912 361 1997 ἦ
396 1914 441 1977 δὲ
471 1908 615 1995 ἠθική,
653 1905 738 1978 οἷον
769 1908 813 1975 αἱ
847 1909 1090 1984 Φθιώτιδες
1122 1910 1197 1973 καί
1220 1905 1238 1973 ὅ
1265 1911 1360 1991 Hp»

257 2019 377 2097 taric:
406 2024 510 2108 pergit
545 2024 649 2087 eodem
678 2023 803 2087 tramite
834 2022 995 2087 admodum
1015 2022 1110 2104 plano
1136 2039 1175 2085 ac
1201 2019 1286 2083 facili
1315 2020 1362 2084 ad

259 2132 468 2197 incedendum
511 2131 717 2195 Phthiotidunr
732 2131 895 2214 Sophoclis
915 2130 1040 2196 fabulae
1060 2148 1161 2211 paura
1179 2130 1362 2210 fragmenta

258 2237 332 2320 le'ge
352 2236 434 2320 apud
448 2235 589 2299 iliodori.
604 2256 634 2318 p.
648 2242 700 2301 60.
742 2237 866 2299 Peleum
887 2235 1057 2317 Sophocles
1072 2241 1104 2298 et
1116 2235 1278 2317 lirnipides
1300 2236 1385 2300 (10--

258 2353 396 2412 coenant.
418 2343 471 2408 vid
491 2346 670 2427 fragnema
690 2344 773 2426 apud
793 2344 934 2409 iliodori.
956 2363 986 2424 p.
1007 2346 1059 2407 51.
1082 2349 1153 2409 106.

340 2448 385 2513 rai
409 2450 452 2513 δὲ
472 2452 676 2533 τέταρτον,
699 2440 787 2512 οἷον
807 2449 854 2511 αἳ
871 2469 914 2511 re
937 2448 1137 2531 Φορκίδες
1156 2446 1228 2513 καὶ
1247 2451 1383 2534 Προέ·

257 2555 421 2642 popliani<
450 2558 519 2620 καί
547 2551 623 2620 ὅσα
648 2558 690 2620 a'o
711 2551 879 2622 ‘'Ardou:
901 2560 962 2622 iarn
991 2560 1024 2622 in
1044 2560 1128 2623 aliud
1150 2566 1250 2624 artnrn
1271 2579 1359 2626 com-

257 2670 362 2752 pulsus
386 2674 433 2730 est
450 2668 564 2731 nullius
582 2656 686 2730 iudicii
707 2666 884 2749 sterilisque
901 2667 1022 2751 ingenii
1044 2667 1189 2749 scriptor.
1210 2668 1356 2734 niminuo
1442 2719 1443 2738 .

258 2778 286 2841 is
313 2783 455 2861 quartam
482 2775 634 2858 quandam
662 2776 894 2857 tragoediarum
923 2776 1054 2857 speciem
1084 2795 1153 2839 esse
1183 2776 1356 2866 inaudivit,

259 2885 313 2947 sed
338 2904 406 2948 caua
426 2903 525 2968 neque
538 2882 714 2947 delinitione
734 2884 893 2948 illustrare
911 2902 1010 2967 neque
1028 2885 1151 2948 nomine
1169 2885 1360 2967 consignare

258 2993 378 3076 potuit;
400 2994 504 3075 itaque
523 2994 665 3074 exempla
676 2993 826 3057 nonnulla
842 2993 982 3082 posuisse
1002 3000 1163 3056 contentus
1176 3000 1232 3057 est.
1254 2994 1357 3058 th.
1441 3025 1442 3044 .

259 3101 342 3166 eides
363 3098 508 3177 Aeschyli
531 3098 695 3180 tragoedia
715 3105 799 3178 erat,
819 3100 904 3163 cuius
922 3103 1099 3183 fragmenta
1119 3100 1296 3164 liindorfius
1322 3121 1353 3184 p.

259 3215 311 3273 19.
334 3208 428 3272 dedit.
470 3207 509 3269 de
530 3206 636 3270 fabula
658 3205 697 3269 cf.
713 3204 920 3286 Apollodorus
939 3207 970 3287 l,
991 3213 1063 3272 Μ.
1087 3227 1117 3291 p.
1141 3213 1192 3271 1³.
1213 3209 1258 3288 ll,
1271 3214 1301 3288 4,
1323 3216 1355 3275 2.
1440 3289 1441 3298 ἵ

259 3338 290 3400 p.
313 3322 384 3381 13⁷.
407 3321 438 3378 et
456 3313 566 3393 lleynii
596 3313 636 3377 ad
658 3311 879 3394 Apollodorum
903 3310 1160 3380 ohservationes
1179 3335 1209 3397 p.
1227 3321 1290 3380 118
1307 3335 1354 3400 sp.
1440 3311 1441 3348 r

260 3424 442 3488 Welckerus
464 3421 496 3484 in
516 3417 664 3503 ililoplo
684 3415 865 3504 Aeschylio
884 3438 915 3502 p.
937 3424 1077 3504 as1sqq.
1121 3424 1355 3505 grammaticum

261 3527 364 3609 ἁπλῆν
386 3527 566 3612 rpeyrpdr'eo
588 3528 763 3609 significare
783 3528 916 3592 voluisse
935 3528 1039 3591 statim
1060 3528 1250 3594 videbimus:
1275 3532 1356 3594 inte.
1439 3581 1440 3596 .

261 3643 320 3705 rina
342 3641 381 3703 de
410 3639 472 3703 loci
502 3638 658 3719 scriptura
688 3637 890 3720 dispiciamus.
944 3656 1015 3701 narn
1036 3637 1070 3702 in
1093 3657 1169 3701 voce
1190 3627 1257 3699 οἷον
1277 3640 1357 3703 scri-
1438 3723 1439 3726 Ἴ

261 3750 364 3814 lenda
384 3748 470 3812 multi
485 3747 604 3810 codices
619 3747 775 3810 aberrant
797 3747 859 3811 vid.
880 3750 946 3809 not.
963 3748 1040 3811 erit.
1063 3745 1198 3811 dubitari
1217 3748 1273 3811 vix
1286 3757 1357 3830 pot-

262 3863 310 3920 est
331 3856 404 3940 quiu
425 3845 492 3917 οἷον
512 3874 619 3918 verum
640 3854 700 3917 sit:
722 3873 795 3919 narn
816 3848 871 3934 δης
893 3841 960 3914 οἷον
981 3854 1060 3918 nihil
1080 3862 1128 3918 est
1148 3855 1208 3918 nisi
1228 3855 1356 3921 librarii

260 3962 429 4042 aberratio,
449 3981 539 4046 quam
560 3981 627 4025 curu
647 3961 701 4025 alii
713 3980 777 4025 non
798 3968 1022 4045 concoquerent
1033 3980 1131 4046 neque
1143 3970 1245 4026 mmen
1266 3981 1356 4027 anon·

260 4081 357 4137 strum
377 4063 430 4151 ὁης
450 4079 591 4152 repetere
610 4072 737 4151 vellent,
758 4071 900 4135 lacunam
920 4071 1104 4136 iudicarant.
1148 4074 1230 4155 quod
1245 4074 1356 4137 Victo·

261 4181 326 4244 rins
346 4182 380 4244 in
398 4200 459 4243 uno
480 4180 585 4243 codice
606 4180 724 4242 invenit
744 4172 779 4241 ri
793 4176 829 4239 oc
850 4176 998 4259 τέταρτον
1017 4173 1138 4254 ὁμαλὸν
1160 4170 1233 4259 oica,
1257 4181 1356 4246 incer.

254 4290 391 4372 positum
425 4278 547 4367 ὁμαλὸν
567 4286 731 4351 recentiori
758 4286 876 4352 crudam
906 4288 1075 4357 caneuori
1093 4288 1231 4369 deletam,
1252 4290 1304 4375 qni
1325 4310 1354 4355 c.
