2892 4917
269 294 335 358 224
658 287 985 358 COMMENTARIVS

271 475 526 560 quenruutelee
543 494 580 539 eo
600 475 691 556 libro,
713 493 802 560 quem
823 475 863 538 de
881 481 952 539 arte
974 473 1115 540 oratoria
1135 472 1188 536 din
1210 475 1284 556 post
1304 470 1375 536 edi·

272 591 336 648 tan
353 582 395 648 dc
416 581 694 667 Interpretottmne
708 568 993 646 commentationem
1017 580 1089 662 (sub
1109 581 1209 662 ipsum
1226 587 1261 644 ut
1282 580 1373 644 vide-

275 699 327 765 tur
348 691 430 754 vitae
450 690 555 773 finem)
568 691 760 774 conseripsit,
779 692 913 755 lectores
930 708 1003 752 suos
1016 689 1057 752 ad
1070 686 1241 753 Poeticore
1260 706 1373 752 amem

272 798 369 876 davit,
392 798 421 861 si
442 799 481 861 de
494 794 577 870 λέξει
596 802 767 879 poetarum,
789 804 821 859 et
842 813 922 879 quae
940 796 1004 858 sint
1022 793 1176 857 nominum
1196 792 1316 874 speeies
1340 797 1375 855 et

270 905 508 971 neminemnam
543 922 661 988 genera
688 902 811 966 edoceri
840 920 876 965 se
895 902 1003 965 velint
1049 899 1229 978 Dionysium
1249 900 1371 982 igitur,

271 1032 361 1096 quem
380 1012 552 1077 rhetoricos
573 1010 751 1075 Aristotelis
778 1011 878 1075 litros
898 1009 1122 1093 perdiligenter
1144 1026 1290 1071 versasse
1309 1027 1371 1071 ne-

270 1139 320 1186 mo
340 1120 529 1200 initiabitur,
550 1120 640 1184 iuius
662 1121 701 1183 de
722 1119 873 1185 orationis
894 1118 1036 1201 partibus
1064 1116 1235 1180 doctrinam
1256 1134 1298 1181 ex
1318 1117 1370 1181 in-

271 1238 364 1313 tegra
397 1226 535 1295 Poeticu
562 1229 702 1294 hausisse
723 1230 886 1295 admodum
907 1228 1085 1309 probabile,
1117 1244 1158 1291 ne
1177 1226 1278 1289 dicam
1298 1244 1371 1288 cer-

270 1344 344 1416 tum.
365 1338 499 1403 videtur.
541 1339 613 1422 qnid
635 1339 732 1423 igitur
749 1339 826 1402 inde
835 1338 1041 1420 consequimur,
1063 1355 1129 1410 mun
1148 1336 1182 1399 in
1202 1336 1261 1398 hoc
1283 1336 1371 1398 libro

270 1449 411 1526 mrtem
431 1444 582 1508 orationis
602 1449 722 1526 partem
740 1462 763 1508 a
782 1442 897 1509 Stoicis
914 1442 1071 1507 inventum
1088 1440 1370 1525 deprehendimini

269 1552 344 1634 quid
365 1553 425 1616 nisi
445 1552 522 1617 hoec
537 1554 578 1618 ab
600 1554 705 1618 aliena
724 1572 817 1618 mauu
830 1553 937 1616 addita
959 1557 1037 1630 esse,
1059 1570 1166 1616 veram
1184 1558 1287 1615 autem
1301 1553 1368 1615 dis-

269 1661 458 1742 putationem
480 1662 697 1727 intercidisset
737 1662 815 1728 haec
828 1681 908 1746 qnae
931 1663 1033 1727 adhuc
1053 1661 1285 1744 disputavimus,
1307 1661 1368 1724 nisi

269 1769 335 1833 alia
355 1777 468 1850 essent,
488 1770 571 1852 apud
591 1787 640 1833 me
660 1767 758 1852 ipsum
782 1769 905 1832 nonnisi
928 1786 966 1832 co
988 1768 1154 1846 vaierent,
1173 1773 1209 1829 nt
1229 1767 1365 1848 suspicio

268 1875 309 1938 de
323 1874 387 1940 doc
405 1876 477 1940 loco
504 1881 662 1955 oreretur,
684 1892 723 1939 nc
753 1873 793 1942 de
812 1874 877 1938 illis
896 1873 1060 1957 praecipue
1087 1892 1166 1958 quae
1186 1874 1271 1938 dieta
1291 1880 1367 1938 sunt

269 1983 308 2045 de
330 1987 406 2047 octo
426 1983 577 2050 ormonia
597 1982 739 2065 partitus
768 1981 798 2064 §.
822 1989 852 2048 1.
876 1990 908 2047 et
928 1983 968 2045 de
989 1982 1213 2048 convinctionis
1235 1990 1266 2046 et
1285 1983 1372 2046 artis

268 2088 331 2154 culi
350 2095 463 2153 namra
490 2086 520 2170 §.
541 2095 563 2152 6
584 2096 616 2153 et
637 2095 687 2156 tm
708 2090 764 2154 sed
785 2090 936 2155 accedunt
955 2091 1021 2156 alia
1038 2090 1146 2168 multu
1174 2089 1283 2172 quibus
1305 2090 1365 2154 ad-

268 2194 365 2260 ducor
387 2201 540 2260 ettonem
553 2202 646 2281 caput
655 2198 818 2264 Aristoteli
831 2197 1069 2263 subuaiendum
1090 2199 1269 2280 existimem,
1284 2216 1366 2283 quae

267 2303 411 2387 deinceps
431 2322 657 2388 persequemur.

352 2410 382 2494 §.
406 2418 437 2477 2.
478 2417 693 2493 στοιχεῖον
720 2414 794 2491 μὲν
813 2401 882 2478 οὖν
912 2408 1006 2475 ἐστι’
1034 2407 1145 2497 φωνὴ
1167 2408 1366 2495 ἀδιαίρε-

216 2563 219 2566 -
269 2539 362 2593 noc:
383 2527 467 2585 recte
487 2524 575 2607 ponit
596 2525 769 2604 στοιχεῖον,
797 2542 860 2587 nou
891 2514 1037 2603 γράμμα.
1091 2519 1252 2588 elementa
1282 2526 1369 2588 enin

268 2630 336 2693 sive
355 2634 500 2709 στοιχεῖα
520 2633 591 2691 sunt
610 2628 691 2690 unde
711 2647 805 2691 voces
833 2646 913 2711 quae
933 2627 1033 2690 audiri
1057 2634 1186 2710 possunt
1208 2635 1367 2711 tamquam

268 2758 310 2802 ex
332 2739 491 2823 principiis
509 2738 701 2817 conflantem
726 2736 861 2804 litterae
874 2739 941 2802 sive
959 2735 1131 2817 γράμματα
1146 2737 1254 2821 (radix
1274 2738 1365 2801 verbi

268 2854 317 2918 est
336 2846 391 2927 γρ)
411 2856 482 2912 sunt
504 2854 653 2932 quotenus
683 2849 864 2930 sculpuntur
883 2848 935 2914 vel
959 2849 1144 2912 sembuntur.
1185 2842 1366 2926 ἀδιαίρετος

268 2962 301 3016 et
320 2954 463 3017 Latinum
481 2953 643 3020 indivisus
664 2973 727 3018 nou
756 2955 855 3017 solum
874 2953 913 3017 dc
941 2954 982 3016 iis
1000 2954 1061 3018 dici
1082 2972 1161 3037 quac
1179 2953 1281 3016 divisa
1300 2971 1364 3017 uon

269 3065 341 3122 nuc
362 3059 418 3121 sed
440 3060 532 3122 etiarn
562 3077 643 3141 quae
664 3060 763 3122 dividi
782 3078 844 3123 non
865 3065 1012 3141 possunt,
1033 3060 1130 3123 verto
1153 3079 1279 3123 monere
1298 3062 1365 3122 sud

267 3166 341 3230 neit.
365 3200 406 3211 -
447 3161 489 3238 ἐξ
518 3151 566 3242 ἧς
593 3161 930 3245 animoteonesta*
955 3161 1363 3246 yt'reetaeqmrjzea

269 3283 319 3338 est
338 3274 424 3339 vocis
446 3274 530 3338 illius
550 3274 701 3338 indivisae
721 3272 787 3337 sive
802 3273 977 3352 individuae
998 3283 1121 3354 natura,
1143 3281 1177 3341 ιιι
1197 3293 1261 3340 vox
1284 3293 1362 3358 quae

267 3384 402 3467 intelligi
421 3381 521 3467 possit
539 3381 608 3444 fieri
629 3380 701 3444 inde
721 3380 828 3462 possit

351 3489 381 3573 §.
402 3496 434 3555 3.
476 3480 633 3569 ταύτης
668 3486 713 3548 δὲ
745 3488 875 3569 μέρηι
895 3509 953 3572 per
972 3486 1090 3571 ταύτης
1109 3512 1171 3557 non
1192 3490 1364 3576 singularis

268 3599 418 3682 quaedam
438 3617 505 3663 von
517 3597 660 3663 indivisa
678 3598 844 3663 denoutur
859 3601 913 3663 sed
927 3618 1025 3682 genus
1037 3602 1255 3668 elementorum
1277 3621 1361 3666 com-

269 3708 496 3789 prehenditur„
520 3726 600 3791 qnae
622 3708 728 3771 statim
747 3708 886 3790 sequitur
906 3687 1083 3790 innocent,
1106 3718 1154 3776 est
1174 3712 1260 3775 vocis
1284 3712 1363 3775 ictus

269 3805 411 3898 quidam,
441 3833 529 3898 quem
558 3814 692 3880 allisum
719 3834 802 3878 novo
827 3816 882 3880 sed
910 3823 984 3898 apto
1016 3819 1138 3882 nomine
1168 3818 1367 3902 consignavit

269 3922 472 3986 [dermannus.
484 3922 588 4003 ¹poulo
609 3926 681 4003 post
698 3920 822 3984 nonnisi
845 3941 867 3985 a
887 3923 993 4003 paucis
1014 3924 1170 3988 codicibus
1192 3925 1272 4006 (vid.
1294 3928 1360 3990 not.

270 4030 366 4112 crit.)
386 4031 527 4111 exempla
550 4030 703 4093 vocalium
723 4032 896 4094 litterarum
926 4019 991 4091 οἷον
1010 4027 1044 4091 τὸ
1065 4030 1103 4091 Α
1124 4026 1235 4092 καὶτὸ
1256 4030 1289 4094 Ω
1307 4051 1362 4098 ex-

270 4138 422 4204 hibentur.
445 4140 580 4202 fortasse
604 4144 789 4218 personatus
803 4144 912 4201 auctor
928 4139 961 4200 iu
981 4156 1017 4201 re
1037 4140 1202 4204 manifesta
1221 4158 1362 4223 superse-

270 4249 345 4311 dere
379 4266 413 4311 se
441 4265 533 4330 posse
564 4248 704 4332 exemplo
727 4247 873 4329 eredidit,
904 4267 971 4312 cum
992 4249 1156 4315 discrimen
1184 4251 1261 4314 illud
1282 4249 1365 4314 inter
