2892 4917
636 297 963 368 commeatus

668 600 805 667 CAPV'I'
839 606 912 671 26.

332 845 442 932 llpico
476 851 591 932 poesis
620 855 655 914 et
682 854 814 933 truotcu
837 853 892 914 tto
911 868 1024 915 secum
1047 847 1268 933 conseruntur
1293 857 1348 933 ut,

246 964 407 1048 refutatis
439 983 522 1051 poue
553 971 731 1049 epoooetue
766 967 908 1052 palmum
936 967 1072 1049 deferre
1094 971 1266 1035 rideantur
1288 991 1348 1035 or-

242 1089 425 1169 oumenlts,
452 1083 644 1169 explicetur
675 1083 793 1170 ouibus
823 1083 926 1151 rebus
958 1087 1129 1173 troooediu
1159 1088 1346 1154 antecellat

244 1220 443 1287 epopoeaom.

328 1435 414 1510 Quae
434 1431 492 1496 boc
519 1431 620 1513 capite
650 1430 733 1496 dicta
753 1432 903 1517 legimns,
924 1429 965 1496 ad
987 1381 1143 1500 obituireiu
1161 1434 1346 1522 otardo-atti-

248 1548 310 1623 net,
332 1561 398 1610 cum
419 1541 483 1606 illis
511 1560 588 1623 quas
611 1542 701 1605 modo
732 1561 772 1606 eu
793 1561 887 1605 aureo
906 1543 1084 1608 Aristotelis
1105 1544 1194 1606 libro<
1208 1543 1347 1610 secrevi-

243 1670 310 1716 mus
333 1650 485 1731 sordibus,
507 1650 599 1713 edom
629 1649 706 1716 baec
734 1657 788 1714 aut
819 1651 944 1718 stabunt
970 1657 1024 1714 aut
1047 1635 1215 1716 concident„
1258 1671 1343 1736 >nam

243 1758 494 1844 quemadmodum
516 1759 549 1821 iu
570 1759 824 1840 praecedentibus
856 1765 923 1824 tota
946 1760 1034 1843 quasi
1055 1757 1266 1841 quaestionum
1284 1779 1342 1822 so-

242 1868 448 1950 lutionumque
472 1867 613 1931 doctriua
631 1847 858 1950 pertractatum,
886 1868 931 1930 sic
960 1888 1041 1950 nunc
1061 1870 1220 1951 singulare
1242 1870 1345 1950 quod.

244 1976 368 2038 damet
399 1975 501 2039 nobile
532 1970 718 2056 πρόβλημα,
746 1982 847 2038 utrum
878 1994 975 2059 genus
1006 1977 1108 2058 poesis
1129 1978 1343 2058 praestantius

242 2083 304 2162 sit,
326 2082 483 2164 epicumue
517 2102 558 2146 an
578 2084 752 2165 tragicum,
777 2084 917 2147 solvitur.
960 2085 1015 2146 sed
1037 2103 1217 2168 quamquam
1238 2085 1343 2148 exiis

243 2209 323 2274 quac
344 2192 383 2253 de
404 2185 514 2275 νοθείᾳ
536 2190 645 2273 capitis
665 2193 845 2276 praegressi
873 2193 957 2256 uicta
976 2200 1063 2273 suut,
1095 2198 1204 2274 sponte
1225 2211 1344 2256 conse-

240 2300 345 2383 quitur
367 2299 426 2362 boc
458 2317 577 2383 quoque
609 2305 701 2381 caput
722 2299 897 2362 vicesimum
921 2307 1042 2365 scutum
1063 2300 1224 2364 Aristoteli
1243 2300 1344 2364 tribui

243 2429 305 2473 non
325 2428 433 2493 posse,
451 2409 507 2476 sed
529 2408 608 2471 idem
637 2427 703 2471 cum
725 2407 869 2471 vicesimo
899 2410 1004 2492 quinto
1028 2410 1068 2473 ad
1090 2410 1215 2473 eundem
1237 2410 1345 2474 incer.

241 2525 364 2604 tumque
386 2524 541 2583 auctorem
564 2518 759 2581 referendum
782 2536 860 2595 esse,
879 2519 956 2581 illud
979 2525 1081 2584 tamen
1103 2519 1149 2589 sic¹
1164 2538 1198 2581 se
1219 2519 1343 2598 babere

239 2647 280 2693 eu
298 2629 347 2692 bis
367 2634 531 2711 praeterea
550 2624 671 2688 iudiciis
692 2626 860 2709 colligitur.
913 2632 942 2689 1.
964 2627 1140 2710 disputandi
1159 2646 1256 2710 genos
1275 2645 1341 2709 per

238 2741 334 2799 totam
354 2734 435 2799 bauo
453 2733 778 2815 explicationemarte
792 2740 879 2797 caret
899 2742 931 2796 et
948 2753 1061 2817 magno
1082 2734 1263 2817 pbilosopbo
1283 2734 1339 2798 in-

238 2846 365 2928 diguum
386 2849 442 2907 est.
496 2848 526 2906 2.
550 2860 629 2925 quae
651 2842 798 2906 docentur
815 2861 960 2925 magnam
988 2850 1107 2924 partem
1126 2843 1238 2907 bansta
1259 2851 1339 2907 sunt

236 2972 278 3018 ex
304 2952 458 3035 prioribus
480 2957 511 3013 et
529 2952 610 3016 male
631 2951 775 3032 repetita.
816 2955 846 3014 3.
868 2952 1018 3032 nonnulla
1038 2951 1191 3036 prioribus
1211 2970 1231 3014 a
1253 2969 1335 3020 vero

235 3060 406 3138 Aristotele
440 3057 589 3139 expositis
620 3064 805 3140 repugnant
862 3062 906 3142 4.Ι
923 3060 1148 3150 enuntiatorum
1176 3065 1338 3126 struem

236 3166 457 3258 amantia,
470 3145 655 3248 aliquotiens
674 3165 818 3256 *laborat
872 3169 903 3229 5.
927 3185 1019 3230 voces
1051 3168 1168 3250 aliquot
1185 3168 1288 3230 insunt
1312 3187 1338 3242 a

235 3276 368 3340 dictione
398 3263 575 3356 Aristotelis
602 3252 771 3336 utensile
790 3271 880 3346 bow
901 3274 979 3346 vitia
1012 3274 1135 3366 iuterim
1159 3274 1214 3340 sub
1238 3294 1335 3342 unum

234 3388 429 3465 conspectum
449 3381 580 3444 collecta
602 3380 714 3458 statim,
735 3380 788 3443 ubi
809 3382 849 3444 ad
874 3382 1001 3464 singula
1020 3382 1237 3462 accesserimus
1251 3401 1336 3458 ,cuo-

233 3491 348 3568 danda,
370 3489 516 3571 detegere
536 3487 723 3551 conabimur.

319 3596 348 3679 §.
374 3603 402 3661 1.
446 3577 629 3675 nicepou
658 3594 702 3656 δὲ
730 3590 1252 3675 patriae-tranmissus
1280 3585 1335 3659 io

231 3725 317 3776 τιςε
338 3704 449 3767 iustum
471 3704 624 3767 vinculum
647 3704 769 3782 deesse,
792 3721 852 3786 quo
866 3702 942 3766 baec
964 3704 1212 3768 antecedentibus
1234 3705 1333 3770 adue·

233 3819 375 3891 etantur,
403 3812 596 3874 manifestum
623 3815 680 3872 est.
733 3809 874 3874 nimirum
895 3810 1100 3893 interpolator
1119 3811 1221 3875 alieno
1243 3813 1334 3893 operi

232 3937 289 3981 sua
308 3918 357 3981 bis
379 3917 518 4001 imperite
540 3921 571 3978 et
599 3914 723 3978 sinistre
744 3914 894 3996 intexuit,
924 3917 1053 3998 primum
1072 3919 1113 4000 (c
1135 3924 1186 3999 25,
1208 3919 1243 3999 1)
1265 3921 1331 3985 sie:

231 4023 307 4104 napi
328 4023 364 4084 di
385 4016 619 4104 προβλημάτων
639 4017 693 4082 καί
715 4018 864 4083 λύσεων.
891 4065 900 4084 .
924 4065 932 4083 .
957 4011 1014 4085 οἷδ’
1036 4015 1077 4084 c'iu
1097 4025 1256 4107 θεωροῦσι
1278 4023 1331 4106 γε’.

231 4133 305 4189 uoec'
326 4118 367 4189 ἂν
386 4124 540 4212 φανερόν,
574 4129 739 4212 seeundum
769 4129 878 4212 (abd,
898 4127 932 4210 1)
961 4130 1025 4195 sios
1047 4123 1177 4213 πότερον
1199 4134 1234 4195 di
1254 4136 1330 4212 βελ-

228 4231 344 4318 τίωνῆ
367 4230 529 4319 ἕποποιικὴ
551 4226 720 4319 μίμησιςῆ
740 4234 759 4319 ἡ
779 4232 923 4322 τραγική,
944 4233 1167 4324 διαπρριῇσειεν
1188 4231 1228 4305 civ
1249 4263 1306 4315 τις.
