2892 4917
244 263 308 328 uo
629 259 954 328 commuuimus
986 279 991 290 '

244 457 415 511 eeterarunr
437 448 528 512 etiam
550 448 683 529 partium
704 448 843 512 ordinem
865 454 897 510 et
917 447 1036 529 gradus
1059 445 1258 528 exponendos
1277 446 1347 509 sibi
1432 491 1433 494 ,

244 557 395 637 sumpsit,
419 556 473 618 sed
494 557 616 618 edicere
636 557 718 638 quod
747 574 861 638 operae
890 556 1020 637 pretium
1040 560 1124 618 esset
1143 561 1245 618 tarnem
1273 574 1343 617 nou
1432 589 1433 600 ι

243 664 350 746 potuit.
370 672 404 726 ut
434 664 510 725 baee
542 684 599 747 pro
631 665 771 728 insitieiis
789 664 935 742 babeam,
959 664 1090 746 qumque
1110 661 1184 726 mibi
1205 663 1344 725 suadent
1435 703 1438 740 p

243 779 434 853 argumenta.
460 778 488 840 1.
501 772 578 834 ordo
601 772 732 855 singulis
747 772 908 835 sententiis
928 779 959 834 et
970 790 1068 835 nexus
1087 771 1183 833 deest
1206 775 1238 834 λ
1259 788 1346 853 puae
1435 813 1436 816 κ

243 880 408 944 iamdicta
432 881 625 962 suutiuepte
654 887 844 963 repetuntur.
886 886 916 945 3.
931 880 1122 943 definitiones
1142 879 1256 961 partim
1279 880 1346 942 fal-
1437 919 1438 954 ι

242 1007 297 1051 sae
319 989 431 1070 partim
465 988 574 1052 manes
597 995 821 1070 proponuntur.
871 992 901 1052 d.
924 989 1076 1051 nonnulla
1098 987 1255 1067 prioribus
1291 1004 1346 1048 re·
1437 1031 1438 1062 3

242 1102 392 1182 pugnant.
433 1099 464 1160 5.
487 1097 629 1178 exposita
650 1097 775 1161 fabulae
786 1115 864 1179 prae
885 1097 997 1164 eetetis
1015 1096 1155 1177 partibus
1176 1101 1347 1176 praestam-
1437 1155 1438 1173 p

242 1204 304 1283 tia,
322 1211 393 1285 post
412 1202 441 1284 §.
465 1208 514 1267 14.
538 1211 610 1285 apte
630 1223 763 1287 pergere
783 1205 967 1268 Aristoteles
990 1209 1093 1285 potest
1112 1209 1147 1265 ut
1165 1202 1273 1284 pergit
1295 1222 1350 1266 er-
1437 1255 1438 1262 ,

244 1312 316 1394 pitis
337 1317 367 1375 t.
384 1313 482 1376 initio.
500 1330 611 1377 mores
644 1320 745 1376 autem
777 1319 849 1395 post
869 1309 1019 1392 subulam
1039 1311 1258 1394 gravissimam
1277 1317 1349 1374 tra-
1437 1365 1438 1384 ,

244 1419 375 1501 goediae
405 1428 526 1502 partem
551 1440 639 1501 esse,
660 1420 720 1483 boe
742 1421 802 1484 sibi
824 1440 845 1484 a
866 1421 1041 1503 legentibus
1062 1418 1189 1483 concedi
1207 1438 1345 1500 sperare
1437 1461 1438 1496 3

243 1526 298 1592 ille
317 1533 449 1610 poterat.
492 1528 617 1610 singula
638 1528 746 1591 ordine
766 1547 945 1611 persequar.

328 1630 623 1724 uapundp'ueoe
643 1630 841 1700 adscire:
870 1654 974 1699 rerum
1003 1634 1249 1716 complexionem
1280 1617 1362 1717 pri--
1437 1681 1438 1690 .

243 1729 324 1805 mom
347 1744 529 1825 tragoediae
557 1744 715 1825 negotium
737 1762 822 1824 esse,
843 1744 1015 1826 proximum
1037 1724 1139 1806 autem
1161 1742 1350 1824 descriptio·
1437 1799 1438 1820 ,

244 1868 314 1913 uem
335 1869 461 1926 morunt,
487 1852 520 1914 id
542 1853 672 1933 pessime
693 1852 752 1915 boe
773 1853 914 1934 exemplo
938 1851 1090 1914 illustrari
1114 1850 1349 1914 amantissimus

245 1958 372 2041 quisque
393 1960 533 2023 veritatis
559 1961 693 2023 libenter
711 1960 786 2023 milri
804 1960 999 2024 concesserit.
1043 1959 1162 2022 seilicet
1184 1949 1349 2038 φάρμακα
1437 2034 1438 2040 ¹

245 2067 454 2147 pulcherrima
475 2074 506 2130 et
527 2065 605 2147 suae
624 2067 705 2132 illita
719 2069 911 2151 comparavit
923 2068 984 2132 iste
1004 2086 1071 2129 eum
1091 2063 1247 2145 moribus,
1270 2067 1352 2130 ima-
1437 2113 1438 2119 ι

246 2175 350 2260 ginem
371 2176 474 2238 albam
497 2176 681 2240 delineatam
704 2196 771 2240 mun
785 2174 914 2257 subula.
958 2175 1096 2257 utrisque
1115 2173 1268 2237 delectari
1291 2175 1350 2237 bo·

246 2283 343 2346 mines
362 2284 479 2363 statuit,
502 2284 557 2347 sed
586 2285 742 2348 coloribus
763 2284 832 2349 istis
862 2286 931 2347 forse
951 2283 1043 2346 illitis
1062 2302 1125 2345 uon
1146 2300 1245 2364 aeque
1267 2278 1349 2364 (οὐχ

248 2382 381 2471 ὁμοίως)
403 2399 495 2473 atque
518 2393 653 2475 imagine
665 2394 740 2457 alba
761 2394 927 2457 delineata.
970 2392 1077 2473 itaque
1094 2391 1154 2472 (sie
1173 2390 1227 2452 ille
1248 2389 1352 2452 ratio-

246 2499 366 2562 cinatus
395 2499 456 2578 est)
485 2497 604 2580 subula
634 2501 735 2582 magis
768 2502 903 2584 delectat
934 2518 1025 2583 mam
1057 2513 1184 2577 morer,
1215 2498 1351 2580 ideoque

249 2625 351 2669 mores
371 2614 442 2688 post
462 2607 599 2682 fabulam
621 2593 794 2671 collocandi
814 2615 895 2672 sumt.
944 2609 1014 2672 bern
1036 2608 1188 2670 bominem
1214 2612 1351 2670 amrium,

247 2721 413 2796 praeterea
434 2711 612 2796 ἐναλείφειν
641 2718 708 2785 τοῖς
728 2713 909 2786 καλλίστοις
941 2710 1123 2798 φαρμάκοις
1146 2721 1193 2776 est
1213 2711 1353 2778 illinere

249 2821 483 2904 pulcherrimis
515 2822 693 2905 coloribus,
714 2824 767 2888 ubi
788 2825 875 2888 deest
895 2824 968 2908 quid
988 2824 1143 2887 coloribus
1163 2822 1351 2885 mdueamn

248 2931 360 3012 quippe
379 2931 483 2993 debuit
504 2929 681 3007 ἐναλείψειε
702 2926 742 3016 ro}
764 2924 918 2993 κάλλιστα
940 2926 1108 3012 φάρμακα.
1151 2930 1205 2993 sed
1226 2931 1353 3012 quaeri-
1437 2975 1438 2988 .

250 3041 302 3100 tur
325 3038 461 3118 possitne
495 3038 588 3100 vitari
616 3039 758 3118 offensio,
790 3039 817 3102 si
837 3040 889 3102 bie
909 3039 995 3101 locus
1018 3039 1050 3101 iu
1069 3040 1130 3101 due
1150 3035 1177 3118 §.
1202 3042 1254 3100 12
1278 3043 1353 3118 post

249 3137 370 3221 ἔχουσα
386 3143 421 3203 δὲ
441 3144 546 3220 μῦθον
568 3144 623 3203 καί
636 3139 791 3206 σύστασιν
812 3142 1007 3226 πραγμάτων
1020 3147 1191 3225 inseram,
1210 3146 1244 3208 id
1268 3146 1354 3229 quoti
1383 3176 1408 3220 ¹.

249 3252 388 3315 feceruut
410 3252 579 3315 etBublius
600 3260 631 3316 et
649 3255 852 3319 Hermannus.
894 3273 953 3338 ego
976 3275 1040 3317 uon
1067 3271 1194 3336 sequar3
1217 3253 1352 3334 primum
1419 3243 1433 3268 '

250 3361 321 3443 quia
342 3362 540 3442 transpositio
562 3363 630 3443 ipsa
653 3363 821 3427 violentum
844 3369 893 3426 est
914 3364 1089 3442 remedium,
1110 3369 1174 3425 tum
1193 3361 1270 3442 quia
1289 3367 1354 3424 nou

242 3453 321 3532 esse
345 3470 525 3533 Aristotelis
544 3471 607 3533 scio
628 3471 661 3534 in
682 3490 718 3534 re
745 3473 911 3535 manifesta
932 3478 1004 3553 post
1022 3472 1176 3536 minimum
1196 3470 1354 3533 intervel-

171 3591 173 3596 ·
251 3579 315 3641 lum
336 3597 376 3643 ex
398 3580 505 3641 eadem
526 3567 596 3642 arte
612 3581 791 3662 exemplum
812 3586 938 3661 petere,
972 3580 1053 3662 quod
1074 3582 1110 3641 lit
1132 3578 1158 3641 si
1180 3578 1260 3642 baec
1281 3584 1354 3661 poet

251 3684 281 3765 §.
298 3690 349 3748 12.
372 3686 556 3767 inseruntur,
578 3687 689 3749 deinde
711 3688 792 3770 quod
814 3687 1002 3772 comparatio
1022 3688 1074 3749 vel
1094 3687 1138 3749 sio
1154 3688 1236 3751 male
1257 3686 1353 3751 iusti-

252 3798 321 3861 tuta
338 3799 407 3857 est:
430 3813 501 3855 nam
522 3801 585 3858 tum
606 3796 727 3858 colores
739 3794 832 3860 uallo
853 3796 969 3860 ordine
989 3792 1122 3882 (χύδην)
1145 3797 1217 3859 illiti
1239 3800 1352 3862 eonfe-

254 3906 365 3963 runtur
384 3902 552 3964 moralibus
572 3905 763 3968 sermonibus
777 3904 935 3986 deinceps
956 3903 1074 3986 positis,
1096 3909 1154 3968 eet.
1197 3904 1283 3967 aliud
1305 3907 1354 3969 iu·

253 4008 373 4087 dicium,
395 4025 455 4090 quo
475 4013 745 4092 transpositionem
766 4027 930 4095 perperam
942 4013 1011 4075 deri
1031 4012 1137 4094 liquet,
1158 4030 1199 4076 ex
1219 4030 1353 4095 sequeu-

253 4115 335 4177 tibus
360 4113 403 4195 (§.
427 4119 469 4177 15
489 4118 584 4198 extr.)
604 4138 639 4180 se
659 4119 768 4182 offert:
799 4139 871 4184 uam
901 4120 1141 4201 transpositione
1162 4122 1268 4198 laeta,
1290 4121 1354 4182 iam
1405 4148 1414 4155 ·

254 4222 312 4285 illa
342 4217 407 4283 ἔοτι
431 4243 462 4282 τε
490 4221 623 4303 μίμησις
651 4219 793 4305 πράξεως
801 4271 811 4303 ‚
832 4221 887 4290 καί
907 4217 963 4284 ori
977 4220 1104 4305 ταύτην
1124 4217 1268 4303 μάλιστα
1288 4221 1356 4286 zois
