2892 4917
405 320 522 385 ΠΕΡΙ
545 319 825 385 ΠΟΙΗΤΙΚΗΣ.
1115 330 1157 388 47

83 500 209 586 ῥρματος
235 499 255 583 ἦ
276 499 337 580 μέν
356 496 391 563 τό
419 498 500 564 κατα
522 495 557 563 τό
587 500 698 565 τούτου
719 493 742 582 ἢ
767 494 865 583 τούτῳ
883 501 1082 582 σημαίνουσα
1105 505 1160 603 agai

82 615 132 683 όσα
151 620 290 699 τοιαῦτα,
311 614 331 699 ἦ
352 619 388 680 δέ
409 615 443 682 τό
467 616 548 680 nard
575 615 610 681 τό
634 611 683 679 ἑνί
702 607 725 699 'l
741 621 886 695 πολλοῖς,
908 607 973 678 οἷον
994 608 1172 700 ἅνθρωποι·

81 727 290 817 ῥόνθρωτιος,
319 729 394 816 ἠδέ
415 730 496 795 κατὰ
518 731 555 797 τὰ
576 730 782 814 inexpertam,
812 725 878 796 οἷον
904 735 975 795 κατ’
1001 733 1157 817 ἐρώτησιν

81 847 100 933 ἢ
126 843 285 925 inliniri?
332 847 366 913 τό
396 846 459 932 γὰρ
486 846 632 930 ε’βόδισεν
664 841 685 932 ἢ
718 845 831 928 βάδιζε
868 851 987 922 πτῶσις
1017 848 1159 933 ῥήματος

64 966 150 1031 naal
169 968 271 1031 ταῦτα
293 963 332 1029 τοὶ
353 964 422 1048 εἴδη
446 969 541 1030 έστίν.
594 966 683 1047 λόγος
702 965 739 1027 δὲ
766 959 1017 1048 pertinentiae}
1037 989 1203 1049 opnor-11

81 1082 149 1168 τιιρ,
170 1070 208 1166 ἧς
231 1079 300 1146 ένια
331 1084 413 1167 μέρη
434 1084 513 1144 ταδ’Ι
536 1080 622 1146 adrui
655 1084 803 1166 σημαίνει
824 1104 873 1143 τι·
915 1082 953 1142 ου’
980 1078 1043 1164 γὰρ
1073 1079 1159 1156 ἄτας

82 1195 160 1282 λόγος
186 1200 223 1262 ἐκ
244 1193 395 1283 ῥημάτων
423 1195 479 1262 καί
506 1196 671 1278 ὀνομάτων
690 1195 873 1280 σύγκειται,
896 1190 963 1261 οἷον
985 1197 1003 1260 ό
1023 1200 1082 1260 τοῦ
1102 1200 1159 1261 α’ν-

82 1312 200 1400 δμιόσου
221 1311 375 1396 ὁρισμός,
397 1314 468 1378 αλλ’
499 1316 662 1396 ἐνδέχεται
689 1307 765 1378 ἄνευ
787 1312 937 1397 ῥημάτων
952 1307 1035 1377 εἶναι
1055 1309 1157 1396 λόγον.

81 1432 163 1513 μέρος
181 1433 291 1512 μέντοι
311 1415 367 1494 αἰεί
376 1455 406 1495 τι
425 1437 579 1514 σημαῖνον
598 1429 670 1511 ἕξει,
694 1424 762 1495 οἷον
786 1434 821 1495 έν
841 1433 885 1517 regi
904 1433 1028 1512 βαδίζει
1047 1429 1159 1495 Κλέων

26 1627 28 1638 Ι
53 1543 96 1607 ut
115 1549 232 1613 Κλέων.
281 1540 328 1623 εἷς
356 1549 387 1612 δ’
412 1549 481 1612 ἐστι’
501 1544 590 1627 λόγος
607 1549 723 1630 διχῶς·
765 1540 866 1632 ἦμάρ
889 1545 955 1610 ter
975 1550 1158 1630 σημαίνων,
1172 1580 1206 1620 12

80 1656 179 1745 ἢόέκ
199 1664 354 1729 πλειόνων
374 1666 560 1751 συνδέσμῳ,
582 1657 648 1729 οἷον
668 1663 688 1749 ἦ
708 1660 809 1738 Ἰλιιὶς
828 1666 888 1745 μὲν
910 1666 1075 1751 συνδέσμῳ
1099 1657 1158 1745 εἷς,

82 1776 144 1843 idi
162 1782 220 1844 τοῦ
242 1776 418 1863 ἀνθρώπων
441 1782 484 1866 τῷ
505 1782 540 1844 ἓν
560 1780 750 1863 σημαίνειν]

33 1891 72 1953 21
146 1892 317 1976 Ὀνόματος
338 1897 374 1978 δέ
393 1894 463 1978 εἴδη
482 1894 517 1958 τό
538 1898 599 1974 μέν
620 1894 744 1959 ἁπλοῦν
765 1891 899 1980 (δηλοῦν
922 1898 1056 1978 δὲλέγω
1077 1890 1095 1959 ό
1113 1894 1157 1980 μη

26 2005 28 2094 l
82 2012 111 2073 έν
127 2009 339 2096 σημαινόντων
371 2009 552 2094 σύγκειται,
573 2005 639 2076 οἷον
658 2011 714 2096 μῆ)
737 2009 773 2075 τό
798 2015 833 2077 δὲ
856 2014 1001 2076 διπλοῦν·
1042 2009 1158 2076 τούτου

26 2109 27 2186 f
55 2126 112 2190 15δὲ
131 2125 163 2192 τό
183 2132 243 2209 μὲν
264 2129 299 2192 ἐκ
322 2129 528 2213 σημαίνοντος
549 2131 603 2191 κατ’
623 2123 759 2211 α’σρμου,
779 2127 815 2192 τό
837 2130 873 2192 δὲ
887 2131 922 2191 έκ
940 2125 1160 2211 σημαινόντων
1214 2162 1218 2169 ·

142 2330 164 2379 1.
184 2328 290 2381 codices
308 2321 339 2383 τό
361 2324 432 2382 nunni
451 2328 557 2384 τούτου.
580 2328 634 2380 vid.
655 2328 845 2381 Commeut.
955 2331 980 2380 2.
999 2321 1029 2382 τό
1048 2335 1110 2397 post
1129 2328 1160 2381 dt

141 2440 182 2474 om
199 2425 307 2476 AcsscNa
323 2432 351 2476 et
373 2426 401 2476 M
428 2441 522 2476 omnes
541 2433 570 2476 et
588 2425 613 2477 G
632 2426 669 2487 L,
692 2425 810 2492 suggerit
836 2423 929 2474 nutus.
1018 2422 1044 2475 4.
1065 2420 1160 2489 ῥέοι-

139 2522 216 2580 ταξιν
234 2520 329 2570 Aldus:
351 2522 476 2583 ἐπίταξιν
492 2520 601 2573 ucsseN·
619 2521 726 2572 etGL.
754 2520 788 2570 de
816 2520 912 2571 ceteris
931 2526 1043 2570 tacetur.
1107 2517 1158 2585 βό-

141 2615 203 2687 διζε]
221 2614 329 2685 ἐβάδιζε
344 2616 462 2667 ΑοΒοΝι.
533 2615 558 2668 9.
580 2613 704 2686 βαδίζειν
723 2616 831 2667 ΑοΒοΝι
849 2625 877 2668 et
896 2616 924 2667 Μ
947 2631 1040 2667 omnes
1059 2623 1087 2668 et
1104 2615 1159 2684 LQ

141 2718 167 2763 et
183 2710 276 2763 Aldus.
370 2714 411 2764 11.
433 2710 539 2764 codices
556 2712 733 2785 συνδέσμων.
754 2712 826 2764 cons.
842 2712 1024 2764 Commeat.

83 2897 234 2978 eiusmodi,
256 2900 333 2963 alim
348 2900 435 2985 quod
457 2901 548 2963 unius
568 2900 681 2964 estve!
702 2900 888 2972 multorum,
913 2908 948 2962 ut
968 2898 1088 2960 homo
1112 2899 1158 2958 vel

84 2995 285 3075 hominen,
321 3001 397 3063 elius
428 3002 482 3085 qui
502 3001 642 3083 pertinet
669 3000 709 3061 ad
730 3000 1041 3082 pronuntiationem,
1063 3008 1099 3059 ut
1119 2999 1160 3060 ad

84 3097 349 3183 interrogationem
370 3103 418 3164 vel
439 3099 638 3164 mundatum}
664 3121 740 3162 num
761 3100 984 3163 ambulavit
1002 3099 1051 3161 vel
1075 3120 1161 3160 em-

83 3196 167 3261 hulu
187 3223 273 3262 casus
308 3204 399 3264 verbi
427 3202 598 3265 secundum
619 3201 672 3263 has
697 3202 812 3261 formas
833 3211 890 3262 est.
934 3201 1037 3262 oratio
1057 3209 1162 3261 nutem

84 3319 132 3361 vox
151 3301 367 3384 componenda
385 3301 605 3385 significativa,
627 3302 714 3363 euius
736 3301 903 3362 nonnullae
923 3309 1028 3382 partes
1050 3320 1108 3381 per
1127 3319 1160 3360 se

85 3398 243 3484 significant
264 3402 400 3485 aliquid:
432 3403 598 3464 nonenim
621 3403 720 3463 omnis
743 3402 846 3462 oratio
869 3422 904 3462 ex
928 3402 1028 3462 verbis
1050 3410 1082 3461 et
1102 3420 1162 3458 no.

85 3503 202 3565 minibus
226 3513 359 3582 eonstet,
381 3512 418 3565 ut
437 3503 569 3565 hominis
592 3502 744 3572 delinitio,
772 3501 825 3562 sed
849 3509 952 3583 potest
971 3500 1038 3560 sine
1060 3499 1163 3559 verbis

86 3620 137 3662 esse
154 3607 267 3665 oratio.
290 3614 412 3688 purtem
430 3616 533 3666 tumen
555 3624 678 3686 semper
709 3602 843 3684 aliquam
863 3601 1084 3684 significantem
1104 3597 1163 3659 liu-

86 3698 175 3781 tebit,
204 3703 469 3787 quemadmodum
501 3706 532 3766 in
562 3704 614 3764 illo
646 3703 743 3765 Cleo
777 3702 963 3763 ambulat
986 3700 1071 3761 Cleo.
1102 3722 1163 3759 unu
1256 3761 1264 3772 1

25 3839 26 3850 ι
87 3810 175 3864 autem
201 3814 248 3866 est
281 3805 385 3866 orntio
408 3804 592 3887 dupliciter,
623 3813 678 3866 aut
699 3824 782 3888 quae
802 3824 899 3863 unum
918 3802 1088 3884 significat,
1110 3809 1164 3861 eut

25 3855 27 4010 l
79 3897 152 3981 'quoe
167 3927 201 3966 er
222 3904 365 3987 pluribus
388 3928 446 3988 per
467 3875 732 3981 coniunctionem,
754 3904 840 3965 velut
861 3903 928 3963 llius
949 3922 1009 3984 per
1029 3900 1162 3963 coniun-

87 4002 208 4066 ctionem
229 4026 303 4080 μου,
326 4005 381 4067 sed
395 4005 529 4068 hominis
550 4008 640 4066 notio
662 4025 700 4064 eo
722 4003 811 4085 quod
832 4025 930 4063 unum
949 4000 1121 4083 significet]

156 4106 205 4167 il.
246 4106 384 4180 Nominis
409 4117 512 4168 autern
532 4126 680 4189 generum
703 4102 788 4164 eliud
809 4101 935 4184 simplex
958 4109 1004 4161 est
1026 4098 1164 4179 (simplex

87 4200 146 4265 diuo
176 4210 260 4292 quod
294 4232 357 4271 non
389 4230 424 4269 ex
451 4207 694 4291 significantibus
727 4212 873 4279 constat,
903 4210 939 4263 ut
964 4200 1060 4277 terra)
1081 4196 1164 4258 aliud

87 4300 195 4389 duplex.
237 4310 326 4374 huius
348 4308 430 4374 uliud
452 4331 486 4371 ex
507 4308 698 4391 significante
724 4314 756 4368 et
777 4301 1005 4388 significationis
1028 4307 1163 4382 experte,
