2892 4917
280 337 323 397 τι
652 322 1001 408 Αειττοτεκονε

279 507 373 596 ἐγγυς
392 510 447 595 τῆς
467 510 631 595 εἰρημένης
657 505 819 592 ἁμαρτίας
843 507 946 572 ἐστίν·
989 506 1063 590 ἐξῆν
1083 501 1145 589 γαρ
1167 500 1207 568 «tv
1228 499 1299 568 ἔνια
1317 504 1371 569 καί

184 681 192 696 s
279 632 422 711 ἐνεγκεῖν.
444 628 499 690 καί
517 626 552 689 ἐν
572 626 615 711 τῷ
627 627 822 709 Σοφοκλέους
839 627 940 706 Τηρεῖ
951 617 992 708 “ἧ
1012 625 1070 707 τῆς
1090 622 1229 705 κερκίδος
1251 617 1370 704 oman?

231 718 367 827 ’ὅτρίτη
386 745 422 808 δὲ
441 741 461 828 ἦ
483 738 537 807 διὰ
556 739 691 825 μνήμης,
711 738 757 829 τῷ
776 738 953 804 αἰσθέσθαι
967 764 999 804 τι
1014 734 1143 818 ι’δόντα,
1164 729 1272 821 ὥσπερ
1294 734 1314 820 ἦ
1336 737 1369 799 ἐν

275 863 435 941 Κυπρίοις
453 865 519 933 τοῖς
537 857 772 940 Δικαιογένους,
798 853 876 920 ἐδιόν
895 852 957 939 γοὶρ
977 851 1036 939 την
1054 851 1184 939 γραφήν
1201 850 1366 930 ἔκλαυσεν,

274 972 330 1038 κἀί
348 973 367 1059 ἦ
388 978 422 1039 ἐν
442 975 585 1040 Ἀλκίνου
612 972 768 1059 οίτιολόγῳ,
798 967 925 1036 οἷκοτίιον
944 968 1005 1056 γοὶρ
1026 972 1082 1036 τοῦ
1102 970 1293 1053 κιθαριστοῦ
1315 968 1369 1033 καί
1375 975 1390 1028 5

246 1088 427 1173 6μνησθείς
453 1087 642 1174 ἐδάκρυσεν·
686 1081 764 1152 ὅθεν
791 1087 1078 1172 ιένεγνιοριλτθησαν.
1128 1083 1265 1169 τετάρτη
1288 1084 1366 1170 δέἧ

273 1208 308 1270 ἐκ
326 1206 549 1288 συλλογισμοῦ,
573 1198 640 1270 οἷον
659 1205 694 1269 ἐν
714 1200 911 1290 Χοηφίροις,
934 1197 982 1268 ὅτι
1004 1198 1112 1286 δμοιὸς
1133 1198 1366 1286 τιςέληλυθεν,

273 1314 382 1401 ὅμοιος
401 1321 437 1384 δέ
460 1318 569 1395 οιίθείς
589 1318 656 1384 ἀλλ’
678 1313 701 1405 a*
721 1321 882 1405 Ὀρέστης·
925 1311 1016 1396 οὗτος
1036 1311 1101 1404 ἄρα
1121 1318 1289 1403 ἐλήλυθεν.
1313 1318 1369 1385 καὶ

271 1435 292 1519 ἦ
315 1415 496 1500 Πολυείδου
518 1437 579 1500 τοῦ
595 1438 754 1520 σοφιστοῦ
783 1435 860 1518 περί
877 1439 934 1520 τῆς
954 1433 1155 1522 Ἰφιγενείας·
1197 1433 1282 1512 εἰκὸς
1301 1435 1366 1520 γοὶρ

269 1527 328 1616 τὸν
340 1552 486 1636 Ὀρέστην
501 1553 753 1634 συλλογίσασθαι
773 1547 821 1616 ὅτι
844 1544 866 1637 ἥ
885 1556 914 1617 τ’
935 1549 1059 1637 α’δελφῆ
1081 1548 1180 1635 ἐτύθη
1201 1553 1257 1615 καί
1277 1554 1402 1641 ampo

269 1665 438 1749 συμβαίνει
458 1662 607 1732 θύεσθαι.
657 1665 713 1731 καί
734 1667 754 1753 ἡ
774 1668 809 1733 ἐν
830 1671 876 1756 τῷ
904 1671 963 1734 τοῦ
985 1669 1161 1734 Θεοδέκτου
1187 1670 1294 1749 Τυδεῖ,
1316 1664 1367 1736 ὅτι

268 1780 374 1848 ἐλθοδν
396 1781 440 1858 ὥς
460 1778 605 1869 εὗρὴσοον
625 1780 696 1849 υἱὸν
715 1781 814 1860 ατίτὸς
835 1783 1026 1851 α’τιόλλυται.
1068 1787 1127 1850 καί
1138 1780 1158 1868 ἦ
1176 1785 1290 1861 ἐντοῖς
1305 1788 1367 1852 Φι·

322 2011 363 2063 ,3.
381 2015 458 2082 τρίτη
472 2008 540 2080 δέη]
558 2010 618 2080 ἢτοι
628 2012 660 2080 τῆ
669 2012 778 2065 Aaron·
790 2020 818 2066 et
827 2013 857 2066 M
866 2011 900 2066 14
917 2013 951 2068 16
964 2014 997 2068 21
1012 2022 1042 2069 et
1058 2016 1125 2089 LQ,
1138 2017 1234 2092 τρίτηῆ
1247 2020 1276 2083 P,
1285 2023 1365 2093 τρίτη

336 2125 356 2163 ν
375 2106 391 2174 ἧ
410 2108 470 2180 (sic)
489 2107 583 2161 Aldus.
688 2108 715 2161 4.
745 2118 806 2170 τοῖς
821 2108 918 2162 Aldus:
944 2109 1053 2164 A⁰B⁰N¹
1080 2120 1110 2165 et
1128 2113 1216 2185 GLQ
1235 2115 1292 2181 τῆς.
1329 2132 1364 2169 ει

336 2202 469 2256 Mediceis
487 2202 559 2255 nihil
580 2210 720 2256 enotatum
742 2213 792 2257 eit.
881 2205 907 2257 5.
927 2202 1060 2279 ἐσολὸγρι
1076 2206 1179 2262 Aldus:
1197 2204 1256 2264 α’τιδ
1269 2212 1364 2286 λέγων

337 2298 444 2352 ncssoNn
461 2307 490 2352 et
506 2300 536 2351 M
556 2316 649 2352 omnes
671 2308 700 2351 et
715 2300 788 2370 LQ,
809 2295 961 2373 οἷττολόγιον
979 2301 1012 2354 G.
1146 2305 1171 2357 7.
1186 2305 1364 2381 χλοηφόροις

336 2395 445 2447 AesscNa
463 2394 541 2467 (etM
552 2396 656 2469 omnes)
677 2403 705 2448 et
723 2395 774 2448 GP
794 2403 824 2448 et
839 2395 933 2448 Aldus.
1012 2396 1039 2451 9.
1057 2400 1223 2462 uolutatione
1242 2403 1315 2454 Ach
1334 2411 1363 2457 et

336 2488 523 2561 (τιολυείδους)
536 2490 565 2541 Μ
578 2490 612 2542 16
629 2491 662 2543 21
682 2489 784 2562 etLQ‚
800 2491 950 2545 πολυείδου
969 2493 1033 2557 GP,
1054 2495 1174 2549 πολυειδ
1242 2497 1291 2563 Νῑ,
1311 2499 1363 2551 sed

334 2584 504 2655 c.17.§.3.
534 2584 798 2645 οιοηειπολύειδος.
877 2586 918 2638 11.
938 2585 954 2653 η’
972 2588 1072 2641 Αἰτίοις
1092 2606 1136 2641 om
1156 2592 1264 2664 leaena
1284 2602 1315 2647 et
1332 2594 1363 2647 M

335 2679 369 2731 14
388 2680 422 2732 16
439 2680 473 2733 21
494 2688 522 2733 et
540 2679 656 2752 GLQ..
714 2681 756 2734 12.
775 2690 833 2744 τοῖς
846 2682 975 2754 φινίδαις
991 2683 1021 2734 Μ
1037 2683 1098 2738 xlv
1117 2686 1151 2740 16
1167 2688 1212 2754 21,
1229 2697 1291 2752 ταῖς
1309 2709 1362 2765 φτ·

332 2775 427 2839 υίδαις
443 2777 521 2840 Acro,
538 2783 601 2838 ταῖς
621 2775 750 2850 φοινίδες
767 2777 816 2844 Νῑ,
835 2787 899 2840 ταῖς
916 2784 1031 2852 φινίσιν
1048 2780 1143 2834 Αἰτίαι.

154 3059 157 3065 ’
262 3037 375 3099 fabula.
419 3043 613 3121 quapropter
632 3057 735 3118 prope
754 3036 841 3098 abest
862 3059 881 3098 a
905 3038 990 3101 dicto
1010 3051 1158 3121 peccato:
1180 3063 1251 3104 nam
1273 3065 1360 3106 non.

261 3139 346 3200 nulla
366 3137 458 3200 etiam
483 3145 603 3221 gestare
623 3128 759 3219 pot'erat.
803 3149 898 3221 atque
926 3139 956 3198 in
976 3141 1140 3222 Sophoclis
1160 3143 1262 3204 Tereo
1281 3139 1361 3207 “ra.

262 3240 305 3300 dii
329 3237 416 3304 vox.''
469 3238 563 3301 tertia
585 3244 690 3299 autem
717 3259 799 3321 quae
821 3237 1041 3302 recordatione
1062 3242 1113 3319 fit,
1140 3264 1213 3303 cum
1236 3244 1360 3327 aliquid

260 3339 452 3423 conspiciens
476 3345 713 3415 commovetur,
735 3337 996 3420 quemadmodum
1021 3340 1071 3400 illa
1094 3341 1124 3401 in
1148 3343 1272 3426 Cypriis
1293 3348 1359 3409 Di.

257 3441 434 3524 caeogenis,
458 3438 648 3522 conspiciens
671 3439 753 3499 enim
779 3440 937 3520 picturam
968 3441 1161 3520 lacrimavit,
1192 3453 1225 3504 et
1247 3444 1299 3505 illa
1323 3447 1358 3507 in

258 3543 359 3603 Alcini
383 3542 530 3625 apologo,
555 3539 680 3601 audiens
704 3538 788 3600 enim
810 3538 1027 3601 citharoedum
1047 3550 1079 3602 et
1099 3544 1282 3605 recordatus
1303 3544 1357 3607 la.

235 3642 368 3703 mimas
399 3643 497 3716 fudit3
531 3640 602 3702 inde
635 3640 702 3701 noti
737 3640 812 3701 facti
852 3648 932 3701 sunt.
990 3651 1102 3725 quarta
1133 3655 1238 3705 autem
1271 3668 1357 3729 quae

258 3744 294 3802 lit
323 3764 381 3824 per
410 3743 659 3820 conclusionem,
688 3740 768 3803 sicut
795 3742 826 3801 in
849 3741 1063 3824 Cliocphoris:
1094 3745 1215 3828 scilieet
1244 3748 1356 3814 similis
1396 3767 1400 3779 ’

257 3842 367 3927 aliquis
388 3842 489 3920 venit,
511 3842 615 3904 similis
638 3850 742 3902 autem
765 3863 855 3903 nemo
877 3842 935 3903 nisi
963 3844 1106 3908 Orestes:
1128 3846 1152 3906 is
1174 3847 1272 3929 igitur
1294 3872 1355 3913 ve.

228 4015 232 4022 ,
256 3945 313 4005 nit.
364 3950 397 4004 et
423 3941 474 4003 illa
493 3941 618 4027 Polyidi
646 3941 803 4023 sophistae
833 3941 917 4002 circa
938 3942 1149 4025 Iphigeniam:
1180 3948 1357 4015 verisimile

256 4044 339 4104 enim
369 4043 514 4104 Orestem
543 4041 754 4118 concludere,
782 4044 929 4124 quoniam
960 4066 1055 4105 soror
1086 4057 1219 4108 mactata
1262 4063 1354 4132 esset,

256 4163 287 4202 sc
312 4164 440 4227 quoque
468 4150 637 4202 mactatum
670 4142 719 4203 iri.
770 4150 802 4203 et
832 4164 910 4225 quae
940 4143 972 4202 in
1001 4143 1186 4208 Theodectis
1214 4149 1353 4232 Tydeo,

256 4244 405 4326 qnoniam
425 4243 547 4304 venerit
560 4243 658 4303 lilium
672 4243 864 4319 inventurus,
884 4265 915 4305 se
936 4244 1035 4325 ipsum
1050 4248 1252 4309 interiturum
1274 4275 1352 4316 esse.

256 4353 289 4404 et
303 4366 383 4429 quae
401 4344 433 4405 in
446 4342 583 4407 Phinidis
593 4371 601 4421 3
626 4344 824 4426 conspicatae
845 4345 925 4406 enim
938 4344 1042 4409 locum
1055 4347 1141 4431 quod
1163 4351 1254 4414 fatale
1276 4360 1371 4420 erat'
1437 4401 1438 4406 η
