2892 4917
395 313 438 378 n
458 311 661 378 nonnoso
682 310 837 378 enr.1n
860 311 888 394 §-
905 319 934 378 ι.
1142 316 1206 379 ιιι

119 516 201 562 suern
219 498 265 562 tn
280 497 454 563 conclusum
469 497 620 562 exhibuit:
641 498 725 576 μέρη
748 494 784 558 δὲ
803 495 992 580 τραγῳδίας,
1012 486 1059 569 οἷς
1078 497 1138 573 μὲν
1159 497 1213 560 δεῖ

115 605 267 687 χρῆσθαι,
288 599 440 686 πρότερον
463 601 616 681 εἴπαμεν,
641 600 723 667 κατὰ
745 604 782 684 db
798 600 834 665 ro
856 589 954 666 ιιααὸν
973 603 1028 665 καί
1046 604 1092 676 εἰς
1114 599 1137 665 ἃ
1158 604 1208 667 do·

116 720 257 796 orostrae
278 713 515 793 κεχωρισμένα,
535 713 625 775 ιαῦι’
646 712 740 777 ἐστίν.
759 691 768 706 ⁸
788 713 928 778 nimirum
952 714 1011 778 bue
1030 715 1165 777 formula
1186 734 1209 778 a

114 842 149 886 se
168 824 326 887 laboriose
356 844 393 887 oo
414 824 547 887 feliciter
578 797 706 887 inventu
736 824 783 887 itu
802 824 860 887 iste
883 824 1059 905 gaudebat,
1091 831 1126 887 ut
1147 842 1208 908 quo

113 933 212 996 ninus
242 934 424 997 brevissimo
456 934 623 997 interrnllo
657 931 705 996 bis
740 950 779 996 eu
797 938 936 996 uteretur
956 934 1015 998 sibi
1036 940 1207 1015 temperare

116 1059 179 1104 uon
197 1048 311 1123 posset.
354 1043 395 1108 ud
417 1041 541 1124 singulo
561 1042 622 1105 iam
643 1040 833 1106 accedamus.
1072 1053 1075 1056 “

136 1146 138 1152 ’
197 1148 280 1231 5.1.
322 1144 425 1230 μέρη
457 1147 500 1210 δὲ
520 1147 774 1234 τραγῳδίας,
804 1137 866 1221 οἷς
895 1146 972 1226 μὲν
995 1140 1209 1220 derideor

116 1255 184 1320 ter
208 1256 418 1339 χρῆσθαι,
447 1252 650 1338 πρότερον
680 1251 874 1336 sinoponus
897 1257 1207 1341 peresurgoodioe

120 1368 209 1450 prius
229 1374 423 1431 enumeratus
435 1367 583 1450 intelligit
603 1368 687 1446 illes,
709 1385 789 1450 quae
809 1387 830 1430 o
850 1386 925 1431 vero
946 1365 1114 1430 Aristotele
1136 1386 1164 1431 o.
1176 1373 1208 1448 s,

114 1480 144 1541 7.
166 1474 272 1554 μέρη,
307 1468 425 1535 καθἰῗ
455 1468 532 1536 nord
554 1494 603 1546 τις
634 1468 721 1536 ἐστὶν
743 1470 763 1554 ἤ
785 1472 967 1559 rpnyprdr'o,
989 1475 1209 1557 designantur,

115 1579 218 1661 μῦθος
238 1571 303 1663 ἤθη
325 1581 408 1654 λέξις
427 1577 551 1643 διάνοια
574 1570 650 1659 ὄψις
669 1576 847 1661 pesiouou‘n.
891 1582 1083 1650 lleruonnns
1103 1584 1207 1668 etqui

117 1690 197 1755 bone
226 1692 363 1774 sequitu
383 1691 630 1755 Graefeubnnius
662 1683 816 1771 πρότερον
846 1683 974 1768 εἴπομεν
1005 1690 1045 1753 sd
1067 1692 1209 1772 proxime

118 1819 305 1883 praegressa
328 1801 371 1879 (e.
394 1807 454 1880 11,
474 1798 532 1880 6),
552 1799 583 1864 b.
607 1818 634 1864 e.
662 1800 703 1865 ed
725 1796 925 1879 περιπέτειαν
946 1808 978 1863 et
998 1792 1209 1879 dvuyroiptow

116 1917 148 1972 et
168 1903 271 1980 πάθος
292 1916 432 1991 speetere
454 1908 627 1991 opinantur.
658 1910 726 1973 illio
745 1928 821 1976 uero
842 1928 906 1972 nou
926 1906 1116 1992 trupoediue
1136 1925 1209 1988 pur·

115 2022 162 2079 tes
182 2018 239 2080 sed
259 2012 395 2097 subdue
416 2018 487 2099 (τοῦ
507 2011 653 2096 μύθου),
683 2036 782 2099 neque
801 2017 935 2081 euusvis
957 2015 1083 2098 fabulae
1102 2021 1209 2096 partes

114 2121 169 2184 sed
200 2121 290 2184 unius
309 2120 477 2205 implesse
508 2143 530 2187 n
549 2129 716 2205 personato
747 2129 873 2188 nidore
899 2131 1095 2189 enumeratae
1126 2132 1206 2192 sunt.

114 2230 212 2311 ipsum
234 2223 386 2311 πρότερον
401 2230 472 2295 linio
494 2230 694 2314 explicationi
716 2238 880 2314 repugnat

198 2331 316 2397 καινὰ
348 2335 425 2413 μὲν
457 2331 651 2400 ἁπάντων
682 2336 836 2414 ταῦτα,
862 2330 953 2400 ἴδια
985 2336 1029 2400 δὲ
1061 2334 1109 2399 roi
1131 2333 1209 2404 αἰιό

115 2442 184 2525 τῆς
206 2441 363 2523 σκηνῆς
381 2442 450 2505 καί
468 2437 632 2523 eriperent.
672 2464 783 2509 nomen
805 2440 952 2507 ἁπάντων
972 2463 1032 2528 qno
1053 2448 1208 2510 teruntur

114 2558 266 2636 quaerunt
285 2554 505 2635 subiguntque
525 2554 720 2634 interpretes,
742 2559 774 2617 et
792 2553 858 2617 iure
880 2554 1001 2636 quidem
1023 2553 1094 2618 dnm
1111 2554 1208 2620 nnti-

113 2664 200 2740 guut,
223 2659 362 2721 nonnulli
384 2649 555 2737 δραμάτων
575 2660 737 2741 supplent,
766 2660 822 2724 ulii
844 2677 955 2724 omnes
975 2668 1093 2743 peetus
1115 2662 1206 2725 iutel-

115 2765 227 2849 liguut,
250 2766 305 2828 alii
326 2782 437 2829 omnes
458 2765 553 2831 ebori
570 2782 753 2848 personas,
773 2786 871 2849 neque
893 2768 959 2830 ulla
981 2787 1021 2832 ex
1041 2768 1090 2834 bis
1110 2770 1206 2833 inter-

114 2867 339 2956 'pretationibus
357 2894 420 2938 non
440 2875 574 2939 obnoxiu
595 2881 643 2937 est
657 2876 750 2957 gravi
769 2876 961 2956 dubitationi,
982 2876 1040 2941 sed
1059 2896 1097 2942 eu
1116 2877 1207 2957 culpo

114 3001 175 3046 non
198 2990 247 3044 est
269 2982 469 3064 interpretum
491 2983 545 3045 sed
574 2983 709 3045 auctoris
732 2983 860 3048 obscure
881 2986 1049 3068 vitioseque
1070 2982 1207 3048 scriben-

11 3089 14 3156 ξ
114 3092 163 3155 tis.
205 3110 277 3154 narn
299 3088 440 3155 obscure
460 3092 515 3154 ille
537 3091 655 3153 loeutus
674 3098 736 3171 est,
759 3094 831 3175 quis
850 3111 956 3158 vocem
974 3101 1038 3157 ton
1057 3093 1207 3156 norun

112 3192 292 3279 (ἁπάντων)
313 3196 405 3277 dedit,
425 3197 604 3279 quantita
624 3203 655 3259 et
685 3198 776 3262 vorin
797 3198 975 3281 consignari
995 3205 1136 3282 possunt,
1153 3200 1204 3262 nl-

113 3309 208 3386 noso,
230 3306 303 3387 quia
323 3303 469 3370 metus
491 3325 553 3370 non
574 3306 716 3388 opposuit
737 3305 911 3371 nonnullos
933 3306 1051 3389 (ἐνίους
1069 3328 1099 3371 s.
1118 3301 1204 3387 ἔνια)

11 3399 15 3424 ¹
111 3414 161 3476 vel
187 3413 276 3476 aliud
307 3432 473 3497 pronomen
508 3413 587 3497 quod
611 3411 757 3477 mnibus
787 3421 859 3496 upte
879 3415 1089 3496 responderet.
1130 3414 1205 3478 inibi
1293 3417 1295 3420 ’

12 3585 16 3602 ,
112 3519 278 3583 verisimile
304 3519 427 3583 ridetur
457 3521 710 3603 interpolatorem
737 3541 794 3605 per
822 3514 970 3582 ἁπάντων
1000 3525 1106 3585 οιανιία
1126 3521 1204 3586 dra·

112 3633 201 3692 nutu
223 3627 357 3708 intelligi
377 3629 521 3709 voluisse,
542 3631 646 3712 eisque
666 3631 808 3713 opposito
828 3630 982 3713 cogitasse
1002 3632 1138 3694 cannen
1157 3648 1204 3693 ee

112 3752 217 3804 scena
238 3741 270 3798 et
290 3734 446 3817 punctus
469 3755 546 3818 quae
561 3756 623 3800 non
638 3739 672 3800 in
693 3739 831 3801 omnibus
852 3740 1070 3820 reperirentur,
1092 3738 1146 3801 sed
1167 3757 1207 3801 ne

114 3844 190 3907 certi
212 3843 377 3926 quidquam
409 3846 532 3909 decerni
552 3847 591 3908 de
623 3847 682 3910 beo
702 3865 739 3910 re
760 3848 879 3930 possit,
914 3847 1057 3929 probibet
1075 3848 1208 3911 obseura

13 4021 16 4032 ¹
113 3953 311 4034 negligenter
331 3953 494 4016 scribentis
516 3954 655 4018 elocutio.
680 3947 719 4015 ιὰ
740 3949 803 4014 dno*
827 3954 881 4034 τῆς
900 3954 1016 4037 σκηνῆς
1038 3956 1078 4022 ab
1101 3961 1207 4019 actore

13 4049 16 4072 '
114 4060 246 4140 quodam
268 4078 308 4123 ex
327 4079 431 4140 soene,
449 4080 511 4123 non
525 4080 546 4123 ιι
565 4060 719 4124 eboreutis
741 4080 781 4123 ex
803 4061 972 4137 orchestra,
993 4063 1204 4125 decantentur.

14 4193 18 4204 ·
112 4166 189 4232 baec
212 4170 354 4247 centies,
376 4169 403 4232 si
424 4169 535 4233 chorus
556 4189 619 4232 non
640 4171 825 4250 respondet,
857 4167 1012 4254 peroptato
1033 4176 1203 4247 vocantur,

113 4274 220 4356 quibus
241 4274 418 4357 Euripiden
438 4294 514 4356 prae
536 4275 646 4338 ceteris
665 4275 818 4388 studuisse
840 4282 970 4340 oonstut.
994 4276 1057 4342 vid.
1080 4277 1201 4340 Aristo-
