2892 4917
241 293 308 356 see
630 279 956 356 communius

240 459 442 559 postcommun
465 475 573 538 Zoilus
583 433 850 558 Affiphipotttenus
861 481 929 540 'non
945 477 1041 540 multo
1062 481 1136 540 ente
1155 458 1338 539 'Aristotelis

243 590 376 648 aetatem
411 585 501 647 editis
526 603 637 648 noveru
667 586 700 648 in
722 585 886 650 llomenum
909 586 1007 664 lihris,
1033 585 1197 667 inquibus
1219 584 1335 665 ingm'd

243 691 421 755 subtilitatis
432 693 545 773 partim
564 693 756 756 exercendae
770 693 880 775 partim
900 693 1065 757 iactandae
1077 712 1115 757 ec
1129 692 1334 755 venditandae

241 799 346 881 gratia
367 801 519 882 permrdta
532 801 701 866 venerandi
719 802 803 864 vatis
820 803 896 865 vitia
909 797 1080 883 coarguere
1104 808 1235 864 conatus
1258 806 1334 878 erat,

240 907 319 970 alios
341 908 383 971 ad
402 908 530 971 eandem
542 908 643 972 laudis
664 909 747 972 viam
762 910 994 991 ingrediendam
1015 909 1172 988 excitavit,
1195 909 1277 970 alios
1298 907 1338 970 ad
1430 911 1433 922 '

240 1014 456 1078 vindicandum
474 1016 514 1079 ah
529 1015 641 1099 iniquis
661 1016 952 1098 reprehensionibus
966 1018 1110 1098 optimum
1131 1021 1256 1097 poetam
1276 1015 1335 1077 im-

240 1121 321 1202 pulit
345 1119 380 1201 ¹).
422 1123 455 1186 in
477 1122 672 1187 his.relatos
698 1124 830 1206 legimus
864 1125 961 1206 ipsum
989 1123 1187 1186 Aristotelem
1214 1122 1255 1184 de
1276 1140 1334 1204 quo

240 1227 345 1291 statim
368 1228 546 1306 ridebimus,
567 1237 631 1294 uim
653 1225 719 1294 eius
751 1231 930 1312 discipulum
951 1232 1143 1295 lleraelidem
1166 1229 1335 1307 Ponticum,

242 1335 372 1420 denique
403 1336 556 1401 Sosihium
583 1344 616 1400 et
635 1339 791 1401 Zenonem
816 1337 942 1402 Stoicae
971 1339 1287 1403 sectae-conditorem
1308 1342 1338 1399 et

242 1442 473 1507 Athenodorum
493 1445 585 1508 Arati
601 1452 712 1527 poetae
732 1449 861 1510 fratrem
878 1450 916 1526 ²).
957 1449 1034 1511 mire
1056 1466 1131 1510 vero
1154 1448 1219 1510 illis
1242 1465 1339 1528 quae·

241 1552 391 1618 stiouihus
411 1560 443 1616 et
463 1553 670 1636 concipiendis
684 1561 715 1618 et
736 1555 894 1619 solvendis
908 1556 1140 1634 delectabantur
1150 1557 1251 1618 lllusei
1265 1555 1338 1618 Ale·

243 1660 391 1725 xaudriui
411 1663 535 1724 aluenni
566 1669 597 1726 et
626 1670 859 1745 praeceptores
888 1669 923 1727 ut
949 1670 1061 1727 narrat
1092 1663 1284 1745 Porphyrius
1307 1664 1340 1727 in

241 1769 366 1833 scholiis
388 1769 430 1834 ad
450 1770 579 1834 Iliadem
597 1773 621 1835 L
641 1776 713 1836 688.
737 1794 768 1854 p.
790 1778 854 1836 272
867 1763 929 1837 a'd
948 1773 996 1836 ed.
1018 1771 1116 1836 Bekk.
1140 1770 1173 1832 ἐν
1193 1771 1236 1855 τῷ
1257 1790 1339 1852 μονῇ

240 1870 315 1960 οειήι
339 1873 382 1960 τῷ
403 1877 471 1935 κατ’
502 1869 740 1959 Ἀλεξάνδρειαν
767 1876 863 1957 νόμος
892 1869 931 1958 ἦν
952 1874 1191 1959 προβάλλεσθαι
1215 1872 1340 1957 ζήτημα

242 1979 300 2041 καί
322 1964 379 2054 τοὶς
397 1965 562 2062 γινομένας
584 1969 690 2057 tricem
710 1982 967 2067 ἀναγράφεσθαι.
989 1989 1070 2051 conf.
1093 1987 1200 2049 eedem
1219 1985 1340 2049 scholia

243 2090 285 2154 ad
302 2088 348 2150 Κ.
365 2083 437 2155 3⁷2.
460 2127 502 2140 -—
523 2093 572 2157 Ad
590 2094 788 2162 Arlstotelem
806 2096 999 2160 rever-tium.
1052 2096 1083 2157 is
1099 2096 1196 2178 igitur
1219 2100 1252 2156 et
1272 2095 1340 2175 ipse

246 2196 394 2261 eiusmodi
415 2200 608 2280 quaestiones
625 2206 657 2262 et
678 2201 846 2264 solutiones
865 2206 1074 2282 pertractasse
1093 2200 1228 2264 traditur
1245 2207 1341 2279 opere

245 2300 459 2385 α’πορημὰτοιν
480 2308 547 2371 sive
570 2300 799 2387 προβλημάτων
820 2302 1000 2389 Ὁμηρικῶν
1018 2326 1076 2374 sex
1094 2308 1148 2371 vel
1166 2312 1284 2388 septem
1302 2307 1343 2369 li-

246 2412 311 2478 bris
333 2415 491 2496 evidente.
535 2415 650 2476 eorum‘
661 2414 714 2496 qui
733 2414 917 2478 mentionem
944 2414 1018 2478 iecit
1037 2413 1153 2495 primm
1173 2419 1221 2506 est
1241 2412 1341 2490 Phry-

245 2522 354 2586 niolrus
376 2524 512 2600 (saeeulo
532 2526 603 2605 post
622 2522 777 2586 Christum
803 2524 914 2599 altero)
936 2542 963 2587 s.
983 2519 1210 2601 ν.’βασι’λισσα
1232 2541 1262 2602 p.
1279 2522 1343 2586 226

163 2671 169 2680 ·
246 2631 294 2694 ed.
315 2629 392 2698 bob.
413 2621 673 2707 βασίλισσαν
691 2623 837 2700 Ἀλκαῖόν
860 2623 1022 2711 φασιτὸν
1043 2620 1267 2714 καμφιΐοποιύν
1288 2625 1344 2687 κατ’

245 2734 466 2817 Ἀριστοτέλην
485 2733 520 2795 ἐν
540 2739 605 2809 τοῖς
618 2731 761 2817 Ὁμήρου
791 2732 993 2817 ἀπορήμασιν
1016 2735 1186 2817 εἰρηκέναι.
1225 2736 1342 2818 Dioge-

207 2881 212 2888 ·
249 2862 306 2906 nes
327 2845 381 2923 (V,
403 2849 460 2923 12,
484 2847 536 2920 26)
570 2844 603 2907 iu
634 2845 779 2925 catologo
809 2846 959 2909 librorum
978 2844 1227 2908 Aristotelicum
1254 2846 1343 2926 pouit

248 2943 464 3030 ἆπορημοὶταν
479 2945 658 3031 Ὁμηρικῶν
681 2943 753 3029 a'pi
773 2945 799 3029 y'
821 2945 884 3013 d's'
904 2946 941 3028 ς’,
961 2953 1044 3016 vitae
1064 2953 1262 3016 Aristoteliae
1286 2973 1343 3016 au·

249 3065 318 3122 otor
339 3058 475 3120 incertus
485 3060 566 3139 apud
577 3059 754 3141 Menogium
767 3053 981 3139 ἅπορημᾰτων
999 3050 1178 3139 Ὁμηρικῶν
1203 3053 1239 3133 ζ.
1261 3063 1341 3125 conf.

251 3164 561 3230 Pseudo-hnmanae
582 3166 616 3229 in
636 3166 702 3230 vita
714 3161 938 3230 Aristarchei
962 3167 1022 3245 μὲν
1041 3157 1101 3227 οὖν
1120 3164 1342 3248 Ἀριστοτέλης

246 3268 294 3337 ἔτι
311 3273 378 3348 νέος
393 3264 446 3344 oio
460 3267 519 3354 την
539 3270 603 3335 reis
624 3271 801 3355 ἑλτοθέροιν
820 3272 968 3336 παιδείαν
987 3271 1181 3350 ἐπαιδεύετο,
1205 3271 1232 3334 αἱ
1254 3274 1346 3356 δηλοῖ

132 3438 134 3443 .
247 3380 287 3445 τά
309 3381 509 3463 γεγραμμένα
537 3379 627 3467 αὐτῷ
658 3381 733 3462 πτρί
752 3381 924 3464 ποιητικῶν
950 3382 1008 3442 καί
1032 3376 1112 3462 πρὸς
1131 3375 1271 3463 ποιητάς,
1295 3376 1343 3443 ἔτι

207 3492 211 3500 ’
236 3487 354 3569 «μέντοι
374 3485 413 3553 τὰ
442 3486 582 3572 Ὀμήρου
605 3484 822 3572 προβλήματα.
864 3492 918 3554 sed
939 3491 1011 3574 quid
1031 3493 1204 3556 testimonia
1224 3494 1345 3557 curiose

240 3601 450 3683 aequor-inus
469 3619 537 3664 cum
553 3602 731 3683 fragmenta
746 3599 823 3663 satis
834 3600 959 3683 prolixa
978 3618 1019 3663 ex
1037 3600 1096 3663 illo
1117 3619 1211 3683 opere
1231 3622 1252 3665 a
1262 3602 1338 3664 Por·

286 3877 312 3945 1)
329 3875 397 3943 Lege
418 3875 459 3924 Fr.
476 3876 508 3925 A.
529 3872 623 3954 Wolfii
641 3875 842 3943 Prolegomena
872 3870 912 3925 ad
932 3873 1078 3927 Homerum
1102 3889 1126 3923 c.
1154 3872 1243 3933 XLll,
1282 3878 1343 3940 post

346 3961 426 4039 qoem
445 3967 517 4020 hunc
538 3967 690 4022 litterarum
711 3970 874 4021 Graecarum
893 3968 1021 4020 historiae
1038 3969 1128 4020 locum
1146 3969 1254 4036 egregie
1275 3968 1342 4018 illu-

347 4066 442 4117 stravit
456 4063 490 4116 K.
510 4065 593 4138 Lehrs
611 4067 820 4136 Regimontanus
838 4063 1051 4121 demoraretur*
1068 4063 1170 4120 stadiis
1187 4065 1343 4120 Homericis

344 4178 371 4230 p.
390 4159 512 4213 ooo-229

237 4295 241 4304 ·
279 4266 306 4334 2)
324 4265 404 4332 Comi.
423 4265 549 4318 Lelrrsius
565 4265 585 4317 1.
606 4267 623 4317 l.
638 4281 699 4337 pag.
720 4265 781 4317 227.
