2892 4917
327 260 370 323 nn
388 214 594 323 connium
617 256 705 335 one.
718 263 750 321 o.
772 254 906 338 §.a-c.
1107 260 1171 322 ios

90 441 181 507 videri
201 446 430 507 necessatium
451 443 632 526 tragoediae
654 447 774 526 partem
794 438 842 522 (ἐξ
862 431 997 521 ἀνάγκης
1011 458 1042 500 τι
1062 434 1171 520 μόριον

87 550 282 634 ιρινῳιλιλις).
333 552 426 645 aliter
445 551 594 616 indicavit
623 551 712 613 buius
733 549 836 631 operis
861 548 1066 628 interpolator
1087 549 1171 613 infra

86 658 113 739 §.
126 666 167 723 19
176 665 209 722 et
228 678 255 721 c.
267 665 362 739 aba
414 661 484 724 vide
504 679 583 742 quac
604 657 643 723 ad
674 659 746 722 ilios
777 659 862 720 locos
894 662 1055 719 monentur
1077 662 1108 718 et
1130 659 1173 720 ad

85 785 109 830 a
124 771 216 846 14,,1.

162 865 257 935 εἶτα
287 871 516 953 pontonaria
548 871 617 935 καί
646 874 773 948 λέξιςι
800 882 962 960 postquam
990 879 1119 957 agentes
1140 874 1179 949 in¹

87 990 275 1065 conspectum
295 989 500 1065 spectatorum
527 990 694 1064 venerunt,
714 1005 767 1047 eos
790 991 844 1049 aut
864 984 954 1070 loqui
974 988 1032 1046 aut
1051 999 1173 1046 cunm

88 1097 220 1171 sprot:
253 1110 290 1155 ιο
312 1090 392 1153 enm
417 1091 615 1155 iurationem
636 1070 801 1175 peragunt
822 1128 861 1140 -
904 1089 1009 1170 λέγω
1038 1087 1082 1149 οι
1104 1086 1172 1148 νι-

28 1254 29 1269 ,
89 1197 143 1271 ξιν
170 1196 246 1276 μὲν
276 1192 406 1277 αὐτὴν
433 1191 504 1280 τήν
533 1197 614 1260 τοῖν.
644 1197 806 1279 μέτρων
834 1195 1058 1262 advocato:
1090 1195 1173 1270 λέξις

90 1307 175 1388 vulgo
197 1324 414 1389 quamcumque
438 1305 613 1370 diodorum
635 1307 779 1386 denotat,
807 1306 861 1369 sed
883 1306 943 1368 boc
961 1307 1030 1368 loco
1049 1305 1173 1368 Aristo-

91 1416 159 1477 teles
175 1416 346 1479 orationem
364 1414 462 1479 modis
484 1413 605 1477 musicis
625 1421 776 1497 cantuque
789 1421 942 1478 carentem
963 1415 1018 1476 sed
1037 1413 1173 1476 numeris

89 1527 181 1587 tanen
201 1498 381 1587 adstrictam
408 1520 491 1594 λέξιν
510 1541 591 1593 nove
611 1524 746 1587 vocavit.
801 1524 956 1604 discrepat
988 1520 1067 1606 quod
1087 1522 1172 1585 inira

89 1629 126 1710 (ξι
147 1630 200 1711 18)
229 1631 352 1713 scripsit
379 1638 488 1695 auctor
508 1610 693 1714 pinsonams
713 1631 794 1709 λέγω
815 1630 869 1707 de',
890 1621 996 1711 ὥσπερ
1019 1621 1173 1709 πρότερον

89 1731 221 1817 εἴρηται,
253 1733 337 1813 λέξιν
367 1728 449 1799 εἶναι
479 1733 536 1819 τὴν
564 1734 618 1799 διὰ
642 1738 697 1819 τῆς
728 1728 902 1814 ὀνομοιοιάς
930 1732 1110 1819 ἑρμηνείαν.
1131 1773 1171 1784 -

86 1838 330 1920 μελοποιίαν
358 1843 401 1905 δὲ
429 1837 535 1924 inqu
556 1842 740 1924 δύναμιν
771 1839 959 1927 φανερὰν
987 1837 1075 1923 ἔχει
1095 1843 1173 1904 πιλ-

89 1973 176 2018 οονι
197 1954 284 2019 vocis
300 1952 485 2031 μελοποιίας
504 1955 537 2018 in
558 1962 667 2043 aperto
691 1974 759 2018 esse
773 1973 889 2018 omnem
903 1959 1086 2036 potestatem
1107 1953 1175 2016 sive

88 2060 334 2143 significabonem
362 2062 456 2129 dicit:
490 2062 574 2137 λέξιν
604 2063 682 2125 enim
719 2063 810 2125 modo
841 2062 943 2143 posuit
971 2061 1173 2125 discedensa

87 2170 202 2251 vulgari
221 2170 366 2253 loquendi
387 2190 460 2251 usu,
492 2167 677 2247 μελονιοιιάν
698 2176 799 2234 antem
821 2169 971 2251 intelligit
993 2189 1061 2237 eam
1080 2188 1171 2251 quarn

88 2279 172 2359 urigo
192 2278 295 2340 dicere
316 2279 425 2343 solent
476 2279 588 2358 πᾶσιν,
610 2298 674 2342 non
692 2276 807 2357 πᾶσαν,
828 2279 992 2359 legendum
1013 2296 1081 2340 esse
1100 2279 1169 2342 Ma·

28 2386 29 2449 i
88 2383 146 2449 iios
164 2386 301 2468 putavit
1176 2386 1179 2390 ’

159 2492 241 2574 §.5.
282 2492 356 2555 κοιί
384 2485 486 2554 κατὰ
514 2487 672 2563 ταύτας
702 2490 774 2555 uui
798 2483 1076 2570 τυγχάνουσι
1101 2484 1172 2554 καὶ
1269 2484 1279 2493 ’

89 2593 421 2681 ἀποτυγχάνουσι
453 2594 626 2670 advoca:
664 2600 844 2684 omnesqui
872 2603 1169 2684 aguntiinempro-

28 2726 29 2771 f
91 2710 210 2790 posituim
231 2729 291 2793 pro
313 2710 449 2773 moribus
472 2711 580 2773 suiset
600 2711 755 2774 sentiendi
777 2711 898 2773 ratione
909 2709 1041 2771 feliciter
1061 2728 1168 2772 conse-
1294 2784 1304 2795 ῃ

28 2796 210 2898 quantur
239 2825 308 2881 aut
322 2818 452 2899 inceptis
486 2817 549 2880 suis
577 2818 730 2882 excidunt.
780 2817 905 2899 sapiens
941 2816 1021 2878 enim
1041 2823 1072 2878 et
1092 2823 1168 2879 tem-

28 2956 29 2995 ι
91 2932 204 3004 perotus
218 2925 342 2988 nonnisi
362 2944 401 2988 ea
418 2931 555 2989 sectatur
577 2942 655 3008 quae
670 2925 793 3007 assequi
813 2929 933 3007 potest.
954 2924 1170 2989 immoderatus

28 3096 29 3101 γ
91 3037 187 3095 contra
208 3036 240 3093 et
261 3031 373 3092 stultus
404 3031 493 3094 nimis
514 3033 584 3094 alta
602 3039 633 3093 et
652 3031 758 3113 iniqua
790 3036 822 3093 et
840 3031 1036 3096 incredibilia
1057 3052 1168 3115 cupere

91 3138 165 3217 colet,
186 3143 221 3201 ut
243 3158 263 3201 a
285 3140 345 3200 dne
364 3140 432 3201 iere
449 3139 582 3203 aberret
930 3191 932 3196 .

159 3245 187 3327 §.
209 3253 241 3310 6.
284 3266 374 3306 εστι
397 3244 630 3328 δὲτῆςμὲν
659 3239 1168 3328 πράξεωςομῦθοςῆμί.

91 3371 227 3432 upote:
251 3355 338 3417 multi
360 3355 493 3418 editores
522 3356 676 3421 codicibus
697 3356 802 3419 invitis
829 3356 991 3419 orticnlum
1024 3349 1169 3441 antepod-

28 3544 29 3555 ἵ
90 3478 172 3538 μιμις
206 3469 401 3545 expungunt,
424 3463 478 3526 scd
506 3460 647 3526 sinistra:v
670 3445 730 3525 boc
758 3463 837 3525 enim
859 3462 1044 3526 Aristotcles
1065 3463 1168 3529 dicere

28 3558 29 3651 i
92 3568 155 3647 udi,
171 3571 300 3634 actionis
328 3571 528 3635 imitationem
557 3571 596 3632 de
621 3589 681 3652 qua
703 3571 794 3632 modo
826 3568 869 3649 (§.
890 3567 926 3648 5)
959 3571 1078 3632 locutus
1101 3577 1170 3635 erat

28 3754 29 3769 ¹
91 3674 225 3738 contineri
238 3676 418 3762 fabula(ch
434 3670 543 3760 μύθιο)
564 3677 903 3758 tragoediaesubieeta.
945 3676 1043 3758 ipsum
1065 3675 1172 3754 μῦθον

94 3775 161 3845 bisce
180 3786 307 3847 definire
322 3805 395 3850 non
401 3786 539 3885 intendit,
561 3785 656 3847 sed
630 3804 694 3847 erus
710 3773 914 3848 definitionem
929 3786 1033 3848 statim
1047 3784 1171 3850 subinn-

93 3884 194 3949 xit-
230 3864 1170 3970 λε’γιογάρμῦθοντοῦτοντὴνσύνθεσιντοῖν

94 4011 196 4072 upcyp
197 3989 339 4063 νάιονι
368 3999 441 4061 dicit
469 3999 575 4077 μῦθον
597 3998 710 4058 τοῦτον
734 4018 801 4062 eum
822 4018 910 4083 quern
931 4004 1022 4065 modo
1048 4000 1169 4082 cogita-

94 4096 145 4178 bat
161 4122 224 4167 cum
237 4105 377 4188 tragicae
390 4106 519 4169 actionis
534 4105 732 4169 incitationem
751 4108 902 4172 contineri
919 4107 961 4194 aqi
978 4101 1074 4191 μόθον
1096 4125 1170 4189 pro-

96 4211 257 4296 nuntiabat,
279 4214 309 4279 b.
331 4234 358 4280 e.
380 4233 461 4279 nove
478 4220 510 4278 et
530 4215 623 4279 aliter
643 4234 681 4280 ao
701 4216 798 4299 uulgo
812 4211 923 4296 μύθου
950 4214 1072 4280 nomine
1093 4215 1125 4281 Ιι.
1144 4216 1167 4280 l.

28 4384 29 4423 i

28 4478 29 4513 i
