2892 4917
402 295 529 369 ΙΠΕΡΙ
546 295 826 370 ΠΟΙΗΤΙΚΗΣ.
1118 303 1163 364 :35

32 489 74 555 1ss
155 473 396 566 [Ἀναγνιδρισις
416 477 452 540 δὲ
473 479 506 544 τί
532 480 591 558 μέν
611 476 853 561 ε’στιν,εἱρηται
873 474 1051 563 πρότερον·
1094 476 1164 568 εἴδη
1209 564 1211 567 η

81 599 111 661 δὲ
129 594 391 677 atramentaria,
412 589 524 679 προίτη
550 596 609 675 μὲν
630 590 650 676 ἦ
677 590 890 680 ἀτεχνοτάτη,
911 595 968 661 καί
984 589 1008 686 ᾗ
1027 603 1167 663 πλεῖστοι

82 713 217 793 χρῶνται
238 711 281 772 δι’
302 708 450 792 ἀπορίαν,
473 705 493 793 ἦ
514 708 569 773 διά
584 711 648 773 τῶν
666 710 814 793 σημείων.
857 711 978 777 τούτων
993 715 1029 776 δὲ
1048 711 1089 777 τά
1108 717 1195 794 μὲνο

83 828 242 913 σύμφυτα,
263 817 328 889 οἷον
344 823 480 910 “trima
501 823 539 909 ἣν
552 827 687 911 φοροῦσι
699 829 731 890 Γ
729 830 863 908 ηγενεῖς”
882 822 905 911 ἢ
925 831 1062 912 ἀστέρας
1083 829 1170 904 οἵους

67 945 113 1007 tia
130 946 173 1029 api
195 943 320 1027 Θυέστῃ
342 939 523 1027 Καρκίνος,
545 941 583 1006 τὰ
604 944 640 1006 δὲ
660 944 820 1026 ἐπίκτητα,
841 947 898 1009 καί
915 943 1035 1010 τούτων
1053 943 1090 1009 tri
1110 948 1170 1027 μὲν

85 1061 170 1147 ἐντῷ
190 1057 335 1152 σώματι,
361 1052 427 1124 οἷον
448 1060 562 1141 ου’λαί,
584 1056 623 1123 τοὶ
644 1060 680 1122 δὲ
700 1057 811 1141 ἐκτός,
831 1057 871 1125 aci
893 1063 1091 1145 περιδέραια,
1116 1061 1172 1124 καί

86 1167 142 1238 οἷον
161 1175 197 1239 ἒν
218 1176 257 1259 τῇ
281 1179 384 1256 Τυροῖ
399 1171 453 1237 διά
477 1178 532 1258 τῆς
549 1171 687 1261 σκάφης.
731 1171 799 1239 ἔστι
819 1149 855 1241 <li
875 1174 931 1240 καί
949 1174 1071 1253 τούτοις
1090 1180 1199 1261 goii-3

85 1296 155 1356 σθαι
175 1285 197 1375 ἦ
219 1295 348 1372 βέλτιον
367 1283 391 1371 ἢ
411 1297 540 1372 χεῖρον,
561 1285 626 1357 οἷον
653 1289 822 1366 Ὀδυσσεάς
843 1289 898 1355 διά
919 1292 975 1374 τῆς
998 1283 1095 1376 οάλης
1116 1285 1174 1356 ἀλ·
1241 1313 1242 1324 ’
1346 1316 1358 1330 ·

86 1414 140 1486 λος
157 1407 375 1489 ἀνεγνωρίσθη
397 1403 459 1468 ἀπὸ
479 1408 535 1490 τῆς
560 1412 682 1493 τροφοῦ
703 1407 759 1473 καί
777 1402 881 1484 ἀλλοις
902 1406 964 1471 ἀπὸ
991 1410 1055 1473 τῶν
1076 1415 1174 1491 συβα-

57 1527 164 1586 ιοτάν·
223 1520 288 1588 aiei
316 1522 379 1605 γὰρ
410 1519 446 1584 αἱ
472 1525 532 1602 μὲν
551 1526 685 1599 πίστεως
706 1523 796 1589 ἕνεκα
820 1526 1033 1607 ἀτεχνότεροι,
1064 1524 1174 1614 aetat

87 1641 228 1703 τοιαῦτοιι
248 1640 360 1719 πάσαι,
380 1635 417 1704 αἱ
436 1640 473 1702 δὲ
495 1642 530 1704 ἐκ
551 1643 760 1728 περιπετείας,
781 1637 889 1725 οἵσπερ
914 1637 934 1724 ἦ
957 1643 992 1705 ἒν
1009 1641 1174 1716 τοῖςΝίπ.

87 1777 176 1836 τροις,
199 1754 355 1835 βελτίους.
399 1751 546 1838 δεύτεραι
568 1758 604 1820 δὲ
634 1743 670 1819 uli
691 1762 899 1838 reuocauerat
921 1755 981 1820 ὑπὸ
1005 1759 1063 1820 τοῦ
1080 1765 1204 1843 ’wll-‘l

90 1877 152 1952 mai,
173 1872 222 1934 διὸ
246 1868 392 1952 ἄτεχνοι·
423 1865 489 1935 οἷον
506 1871 654 1955 Ὀρέστης
674 1875 709 1936 ἐν
728 1874 765 1957 τῇ
781 1868 950 1962 Ἰφιγενείᾳ
968 1874 1176 1957 ἀντγνάρισεν

21 2061 22 2074 η
90 1986 133 2054 δτι
149 1990 316 2073 Ὀρέστης·
340 1988 444 2070 ἐκείνη
463 1989 523 2069 μὲν
545 1986 606 2071 γὰρ
629 1987 682 2051 διοὶ
714 1992 770 2071 τῆς
793 1991 980 2072 ἐπιπολῆς,
1000 1993 1115 2064 ἐκεῖνος
1137 1992 1174 2054 δὲ

154 2277 179 2328 6.
197 2276 378 2349 περιδέραια]
396 2273 481 2326 Aldus
502 2276 569 2346 περὶ
583 2272 693 2344 δέραια,
714 2272 823 2325 ΑεΒοΝι
841 2279 871 2324 et
888 2275 943 2325 GL
954 2273 980 2343 Q
997 2273 1175 2346 περιδίρρεα.

156 2374 195 2423 13.
206 2371 400 2442 ἀνεγνώρισεν
420 2367 462 2422 ὅτι
477 2365 615 2440 Ὀρέστης]
629 2384 728 2438 sequor
737 2367 843 2418 codices
852 2367 957 2422 A0B⁰N³
969 2377 996 2419 et
1006 2369 1034 2419 M
1043 2386 1135 2419 omnes
1149 2377 1177 2420 et

156 2468 291 2537 GLPQ:
316 2466 400 2518 Aldus
431 2461 608 2536 ἀνεγνώρισε
626 2459 678 2530 την
702 2463 846 2536 ἀδελφήν,
872 2460 1102 2534 ἀναγνωρισθεὶς
1127 2462 1176 2518 ὑπ’

156 2564 273 2630 ἐκείνης·
294 2560 330 2612 cs.
341 2561 467 2612 Comm.
549 2558 591 2612 14.
611 2561 718 2619 ἐκεῖνος
730 2558 761 2612 δὲ
774 2557 872 2634 οὗτος]
891 2575 989 2629 sequor
1007 2576 1075 2629 quos
1093 2559 1175 2610 modu

155 2658 313 2711 memoravi:
331 2656 415 2708 Aldus
433 2658 538 2716 laetans
549 2655 579 2711 δὲ
676 2656 764 2709 ταῦτα
782 2652 833 2711 οὖν
852 2647 944 2719 αὐτὸς,
964 2672 1033 2707 unus
1052 2672 1085 2706 ex
1099 2655 1176 2706 libris

155 2756 266 2807 Victorii
287 2754 431 2815 ἔνεῖνοςδὲ
450 2747 497 2806 διά
512 2756 644 2826 σημείων.
663 2752 751 2805 ταῦτα
769 2746 821 2807 οὖν
840 2745 933 2812 αὐτὸς.
1006 2752 1048 2804 15.
1063 2749 1176 2806 διότιΜ

157 2849 188 2901 14
206 2851 267 2902 XIV
280 2849 325 2901 16:
344 2849 379 2903 δι’
397 2846 560 2903 ὅτιΑιΒνΝι
574 2857 603 2900 et
618 2848 647 2900 M
665 2850 708 2911 21,
727 2847 771 2902 διό
789 2866 816 2900 τι
835 2847 903 2918 PQ,
921 2847 958 2901 δι’
977 2841 992 2903 ὃ
1010 2849 1104 2900 Aldus.

170 3003 216 3067 16.
259 3004 402 3089 [Agnitio
425 3003 502 3088 quid
526 3006 583 3082 sit,
619 3003 829 3065 antedictum
850 3012 913 3065 est:
934 3005 1049 3086 species
1071 3015 1175 3067 antem

100 3105 259 3187 agnitionis,
282 3116 313 3166 et
335 3105 437 3186 prima
458 3104 583 3187 quidem
613 3104 744 3166 maxime
766 3104 871 3182 rudis,
894 3116 1009 3190 etqua
1030 3108 1176 3192 plerique
1270 3118 1272 3125 “

98 3214 215 3268 utuntur
236 3215 373 3289 propter
386 3206 505 3267 consilii
523 3206 674 3287 inopiam,
697 3228 777 3288 quae
793 3206 827 3264 fit
842 3228 901 3287 per
920 3208 1016 3289 signa.
1058 3208 1176 3268 horum

21 3337 22 3346 ι
100 3314 187 3366 autem
217 3308 276 3367 alia
310 3307 415 3367 innata
444 3316 530 3382 sunt,
550 3317 586 3366 ut
604 3301 751 3365 “hastam
773 3328 866 3388 quam
890 3315 1009 3389 gestant
1028 3307 1176 3389 Terrige-

21 3421 22 3442 ν
100 3406 162 3465 nae¹’
183 3409 230 3469 vel
252 3408 352 3469 stellas
385 3407 489 3490 quales
511 3409 541 3466 in
565 3407 697 3490 Thyeste
719 3407 885 3485 Carcinus,
919 3408 978 3467 alia
1002 3406 1174 3491 adquisita,

99 3506 252 3568 ethorum
274 3509 333 3568 alia
353 3508 385 3568 in
409 3530 557 3590 corpore,
579 3517 615 3567 ut
636 3507 805 3586 cicatrices,
828 3508 886 3567 alia
909 3517 1013 3584 extra,
1037 3509 1175 3586 monilia,

21 3647 23 3704 η
100 3614 125 3665 et
143 3603 399 3688 quemarllnodum
421 3610 451 3670 in
466 3611 593 3691 Tyrone
614 3631 671 3690 per
690 3608 844 3690 scapham.
885 3609 960 3670 licet
980 3631 1057 3668 vero
1080 3610 1176 3670 ctiam

21 3711 23 3794 ξ
99 3701 136 3762 his
162 3709 205 3767 nti
233 3716 288 3769 aut
309 3708 418 3769 melius
451 3718 506 3770 aut
526 3710 633 3790 peius,
667 3710 747 3771 sicut
774 3710 879 3769 Ulixes
908 3730 968 3790 per
996 3711 1176 3772 cicatricem

21 3827 23 3868 ι
100 3804 176 3867 aliter
203 3809 324 3890 agnitus
347 3819 392 3871 est
421 3832 439 3868 a
458 3810 581 3871 nutrice
609 3817 641 3869 et
665 3809 758 3871 aliter
779 3832 796 3869 a
815 3809 964 3871 subulcis:
999 3820 1071 3871 sunt
1092 3812 1175 3888 enim

101 3923 166 3984 quae
186 3909 256 3970 fidei
287 3929 379 3969 causa
398 3910 478 3969 liunt
499 3909 661 3989 rudiores,
693 3920 725 3971 et
746 3932 961 3993 quaecumque
981 3910 1174 3987 huiusmodi,

99 4005 141 4065 sed
160 4031 237 4091 qnae
266 4032 302 4071 ex
324 3993 485 4092 inopinato
507 4032 597 4087 casu,
632 4018 669 4069 ut
701 4012 835 4093 quaein
858 4013 993 4093 Niptris,
1022 4011 1174 4072 meliores.

21 4133 23 4172 ;
100 4112 234 4171 sectandae
253 4121 357 4172 autem
378 4122 450 4173 sunt
481 4133 561 4194 quae
587 4112 679 4171 fictae
705 4134 722 4170 σ
743 4119 854 4194 poeta,
883 4134 982 4194 quare
1003 4111 1094 4171 rudes
1102 4136 1110 4187 3
1131 4111 1176 4171 sic

21 4193 22 4244 ἕ
99 4205 208 4271 Orestes
231 4212 262 4270 in
283 4211 443 4293 Iphigenia
466 4221 575 4272 notum
597 4213 670 4273 fecit
701 4234 733 4273 se
756 4233 818 4274 esse
840 4213 999 4273 Orestem:
1021 4210 1072 4271 illa
1093 4211 1176 4271 enim

21 4371 22 4376 η
99 4324 147 4385 per
166 4311 333 4392 epistolam,
355 4312 407 4372 ille
428 4320 531 4373 nutem
554 4314 616 4395 ipse
631 4310 707 4375 dicit
722 4335 803 4395 qnae
822 4312 889 4374 vult
913 4320 1016 4394 poeta,
1037 4310 1090 4373 sed
1111 4332 1174 4371 non
