2892 4917
393 232 435 299 ln
457 232 772 307 insulensem.
794 239 823 301 4.
846 230 874 315 §.
889 237 938 298 la
1137 241 1201 303 119

117 420 161 484 ite
179 424 276 483 tanen
308 422 343 480 nt
369 417 429 481 hoc
450 418 599 502 paulatim
630 419 663 482 in
682 416 931 481 consuetudinem
948 422 1200 509 convestereture

120 546 186 592 nam
205 534 235 588 et
261 526 296 589 in
316 525 462 604 Aeschyli
482 528 585 589 Persis
612 528 665 608 (ea
686 526 817 589 omnimn
838 544 916 607 queas
938 525 1099 589 etiamnum
1120 527 1200 608 legi-

118 654 180 699 nus
200 631 430 714 tragoediarum
461 632 675 714 antiquissima
698 629 761 710 est)
797 629 968 694 tetrametri
991 637 1040 692 sat
1060 631 1148 693 multi
1168 632 1201 694 iu

119 742 270 824 colloquiis
293 738 418 827 admissi
438 740 585 821 leguntur
605 739 682 820 (vid.
706 743 868 819 155-245.
891 737 1081 819 sna-mm,
1102 757 1202 821 neque

121 871 141 914 a
157 849 262 912 ceteris
275 847 445 931 principum
466 847 648 928 tragoediae
667 849 849 929 scriptorum
868 847 982 911 fabulis
1005 865 1132 929 prorsus
1152 866 1203 910 re-

117 957 205 1041 legati
223 963 304 1020 mint.
347 955 560 1037 verba-igitur
581 951 614 1015 τό
640 973 672 1015 τε
693 953 808 1032 μέτρον
833 954 867 1014 ἑκ
888 954 1098 1033 τετραμέτρου
1122 953 1200 1029 ῗαμ.

66 1062 69 1067 ’
114 1065 193 1142 fletos
212 1061 356 1142 ἐγένετο,
386 1065 460 1129 item
489 1082 568 1146 qnae
596 1065 819 1146 subsequuntur
850 1063 960 1137 λέξεως
980 1059 1015 1121 δὲ
1037 1054 1201 1142 γενομένης

113 1164 187 1251 αὐτὴ
213 1165 234 1251 ἡ
267 1163 365 1252 φύσις
396 1165 433 1231 τό
465 1167 579 1233 οἰκεῖον
605 1170 722 1250 μέτρον
751 1159 861 1253 εὗρεν,
891 1189 955 1243 non
973 1171 1012 1231 de
1031 1170 1200 1239 mutatione

112 1279 205 1341 subito
224 1280 310 1345 faeta
332 1280 475 1363 accipere
497 1281 590 1361 licet,
622 1280 677 1343 sed
704 1279 745 1342 de
769 1298 807 1357 ea
831 1298 909 1363 quae
936 1277 1050 1342 sensim
1070 1278 1198 1343 sensim-

113 1406 167 1471 que
186 1395 216 1450 et
236 1389 333 1470 longo
354 1390 499 1471 temporis
520 1390 686 1458 intervallo
706 1388 846 1452 invaluit.

189 1486 232 1553 τὸ
254 1493 329 1570 μὲν
350 1490 424 1574 γὰρ
444 1494 604 1572 πρῶτον
623 1492 890 1575 τετραμέτρῳ
911 1487 1200 1579 ἐχρῶντο.τὴν

113 1596 298 1680 ποιήσινι
319 1600 397 1663 haec
414 1603 571 1685 usquead
586 1600 727 1681 λεκτικῆς
748 1596 902 1683 ἁρμονίας
923 1617 979 1685 per
999 1601 1199 1684 parenthesin

113 1706 304 1788 inseruntur,
325 1709 406 1790 quod
433 1729 500 1771 emn
521 1729 583 1771 non
615 1710 765 1772 vidissent
788 1692 915 1789 priores
932 1709 1075 1789 editores,
1095 1709 1143 1772 illi
1166 1709 1198 1772 in
1217 1726 1225 1737 ·

112 1815 359 1898 subsequentibus
392 1808 441 1879 ἔτι
462 1814 509 1887 Ιδὲ
529 1811 715 1907 insessione
737 1812 842 1894 πλήθη
875 1817 1001 1879 verbum
1020 1818 1101 1880 unde
1121 1817 1198 1882 haec

19 1950 20 1959 ι
111 1923 258 2002 pendeant
291 1924 411 1987 frustra
443 1925 732 2007 circumspexerunt.
785 1904 856 1987 duni
885 1925 992 1988 scribit
1013 1924 1197 1987 Aristoteles

19 2020 20 2089 ξ
110 2023 145 2088 te*
163 2030 221 2106 μὲν
239 2023 301 2109 γαρ
322 2027 619 2112 apciton-nothone,
640 2053 703 2097 nnn
723 2028 850 2114 respicit
869 2033 1002 2114 priscam
1012 2033 1098 2095 illam
1118 2038 1196 2112 τρα-

19 2134 20 2175 l
111 2131 196 2214 ysaia
217 2127 332 2214 ἀοιδὴν
363 2158 403 2203 ex
426 2147 561 2222 tempore
578 2142 697 2218 fusam,
719 2140 804 2201 euius
824 2160 978 2203 numerum
1002 2143 1136 2204 fortasse
1157 2158 1197 2202 ne

19 2248 20 2259 ¹
109 2244 175 2326 ipse
192 2246 313 2329 quidem
334 2246 410 2308 satis
430 2246 585 2327 cognitum
601 2247 717 2326 habuit,
737 2247 792 2317 sed
816 2267 883 2309 eam
904 2247 1108 2311 dramaticus
1130 2253 1196 2310 tra-

19 2380 20 2405 1
69 2431 74 2445 Ι
110 2354 235 2435 goediae
257 2355 388 2415 formam
406 2372 485 2434 quiae
507 2373 569 2417 non
590 2356 684 2415 multo
713 2361 786 2427 ante
807 2353 991 2432 Aeschylum
1014 2355 1082 2417 fuit.
1124 2372 1196 2419 nam

19 2450 20 2501 Ὗ
111 2459 248 2521 sitolius
267 2458 330 2521 loci
350 2457 486 2521 habitum
519 2459 686 2540 diligenter
704 2436 943 2539 consideramus,
965 2460 1023 2522 hoe
1045 2460 1195 2542 intelligi-

110 2586 189 2649 mus,
220 2567 293 2632 inde
320 2587 342 2631 a
370 2566 399 2648 ς’.
418 2573 468 2647 13.
492 2569 615 2632 nonnisi
643 2571 682 2645 de
708 2569 874 2651 tragoedia
904 2567 1089 2632 dramatico
1119 2568 1196 2652 (non

19 2692 20 2695 ¹
100 2675 199 2739 *eham
222 2677 262 2738 de
290 2676 390 2753 lyrica
414 2671 508 2758 αόιιῖῇ
530 2676 659 2758 τραγικῇ
682 2696 760 2759 quae
783 2678 842 2739 luit
857 2684 929 2740 ante
944 2676 1094 2758 Thespin)
1110 2678 1196 2760 loqui

110 2783 302 2847 Aristotelem
335 2791 483 2868 apparet,
518 2785 563 2848 ita
595 2792 629 2848 ut
657 2805 725 2851 eam
757 2788 888 2859 formam
917 2801 995 2866 quae
1025 2790 1094 2848 erat
1123 2791 1196 2848 ante

111 2890 287 2969 Aeschylum
310 2898 472 2975 componat
502 2913 568 2955 cnm
590 2913 628 2956 ea
649 2913 727 2977 quae
748 2894 901 2970 Aeschylo
934 2899 1058 2956 anctore
1082 2899 1112 2956 et
1134 2893 1196 2958 So·

19 3052 20 3069 ,
111 3000 215 3080 phoele
236 3000 379 3067 effloruit
420 3004 474 3067 sed
494 3022 602 3067 rursus
625 3005 794 3068 cavendnm
813 3023 853 3066 ne
875 3003 938 3066 illis
962 2994 1016 3061 διὰ
1040 2993 1074 3061 τὸ
1098 3022 1196 3061 σατυ-

112 3100 197 3185 ρικὴν
215 3096 297 3169 εἶναι
319 3103 377 3186 τὴν
404 3103 529 3187 ποίησιν
558 3115 675 3172 tantum
698 3110 865 3173 tribuamus
886 3116 935 3188 ut,
963 3108 1034 3170 aliis
1051 3107 1128 3169 locis
1149 3108 1198 3171 in·

111 3214 252 3297 diciisque
274 3215 413 3297 quamvis
436 3215 689 3296 repugnantibus,
710 3215 858 3296 Thespidi
881 3220 911 3276 et
932 3213 1075 3276 Choerilo
1098 3212 1196 3289 Phry-

114 3322 255 3405 nichoque
276 3327 463 3404 satyrorum
475 3321 609 3386 choram
623 3323 808 3387 tribuamus:
828 3341 899 3385 nam
919 3311 1091 3397 σατυρικὴν
1113 3317 1196 3398 (ατο-

113 3432 225 3494 torimn
245 3428 427 3514 levemque)
456 3430 606 3511 quomodo
628 3430 763 3512 intelligi
783 3429 859 3491 velit
879 3427 998 3490 adiecto
1020 3417 1074 3483 aad
1095 3421 1195 3505 ὀρχη.

111 3537 295 3617 οτικατὲραν
332 3539 409 3602 satis
429 3538 609 3602 declaravit.
645 3539 690 3615 ‚de
705 3553 831 3600 numero
851 3535 1006 3598 trochaico
1027 3532 1195 3594 levioribus

112 3648 294 3727 argumentis
320 3652 351 3707 et
371 3645 553 3709 saltatoriae
581 3645 668 3725 poesi
685 3651 761 3729 apto
783 3642 967 3707 Aristoteles
987 3640 1019 3704 in
1040 3635 1195 3704 Rhetori-

113 3757 161 3818 cis
180 3760 230 3836 lll,
244 3764 276 3822 8.
300 3777 331 3838 p.
345 3755 463 3819 14081)
481 3759 532 3818 δᾶ
564 3754 642 3819 haec
671 3754 816 3835 exponit:
848 3743 920 3810 ddi
951 3753 1099 3827 τροχαῖος
1121 3769 1194 3827 κορ-

114 3856 330 3942 δακικαᾶτερος·
372 3861 467 3941 δηλοῖ
483 3860 518 3922 δὲ
538 3855 576 3922 τὰ
601 3855 818 3940 τετράμετρα·
872 3850 1018 3939 ἔστιγὰρ
1042 3850 1194 3936 τροχερὸς

114 3960 229 4045 ῥυθμὸς
252 3965 291 4030 τὰ
306 3950 515 4050 τετράμετρα.

188 4076 335 4152 λέξεως
356 4067 404 4137 δὲ’
419 4077 664 4161 γενομένης
688 4095 868 4163 quamquem
881 4076 1044 4158 Thespidis
1064 4080 1191 4157 tragoe-

113 4177 176 4246 diae
197 4186 301 4270 eliqua
310 4186 397 4275 Ιλὲξις
411 4187 561 4269 denegari
577 4186 690 4269 nequit,
711 4205 789 4248 uiuus
803 4193 904 4248 tamen
919 4185 983 4246 eius
996 4189 1084 4247 actor
1106 4183 1194 4267 quasi
