2892 4917
278 279 342 337 206
661 265 987 334 &multatus

280 460 343 522 iam
361 455 542 538 tragoedias
561 455 722 539 seripturrls
735 455 768 518 in
784 461 926 538 promptu
943 460 1079 520 ‘amant
1096 490 1136 506 -·
1160 449 1231 517 κατ’
1249 449 1298 516 od
1307 447 1376 516 eda

276 563 502 628 notabere:
523 569 614 645 poeta
634 564 668 626 in
695 563 885 645 argumentis
908 563 973 625 sive
992 563 1135 641 mptbiais
1156 564 1223 626 sive
1243 565 1283 627 ab
1302 564 1376 627 aliis

276 673 461 757 excogitatis
478 673 539 737 rite
560 669 787 737 condemnandis
807 673 873 754 lpse
897 671 1073 736 mueniendi
1089 673 1247 736 solertiam
1271 679 1375 735 osten-

274 783 350 845 dere
371 782 472 847 debet.
496 782 577 845 conf.
597 800 624 845 e.
647 784 749 858 1125.
784 771 880 840 aritio
901 778 936 839 δὲ
959 776 1030 862 (τὸν
1050 774 1197 860 ποιητὴν)
1219 772 1375 859 εὑρίσκειν

272 889 334 971 δεῖ,
355 884 494 960 καὶτοῖς
514 885 784 978 παραδεδομέναις
810 885 955 966 χρῆσθαι
975 888 1091 976 καλοῖςξ
1115 923 1157 935 -
1199 885 1375 948 duride.

276 997 386 1058 σθαι
407 990 614 1060 amedaeo:
633 994 700 1061 sibe
721 994 1079 1079 affirmativum,
1100 995 1170 1060 be.
1193 997 1263 1059 dau
1287 997 1372 1058 All·

274 1106 460 1187 gemeine
492 1105 565 1167 der
594 1105 724 1169 Fabel
753 1122 826 1168 vor
853 1104 1007 1167 aeinem
1034 1103 1370 1176 (ieiste,entlal-

273 1215 432 1277 tenuive
454 1214 746 1278 auseinander
774 1214 914 1296 legen.
956 1212 1082 1294 respleit
1101 1220 1225 1295 poetam
1245 1219 1370 1295 tragoe-

272 1323 356 1385 diam
378 1341 561 1404 componere
582 1322 814 1404 adgressurum.
834 1355 876 1368 -
896 1320 951 1384 sed
974 1320 1014 1383 de
1033 1320 1095 1383 luel
1114 1321 1269 1403 scriptura
1289 1340 1368 1384 non·

273 1432 362 1495 nulla
384 1431 535 1494 monenda
555 1438 685 1494 restant.
709 1431 871 1493 lectionem
890 1429 1021 1493 anubis
1042 1428 1219 1508 exhibitam,
1240 1420 1368 1498 τούτους

270 1556 304 1600 τε
328 1535 439 1617 λόγους
467 1538 523 1600 κατ’
542 1532 618 1609 τούς
648 1561 680 1598 u.
717 1539 868 1621 praebent
896 1538 1024 1601 nenena
1056 1543 1087 1601 et
1105 1539 1170 1614 LQ
1200 1544 1232 1601 et
1265 1539 1367 1619 plures

271 1647 403 1710 Victorii
423 1647 563 1725 codiees3
583 1646 684 1728 plebis
702 1647 838 1729 vestigia
852 1648 959 1710 eodem
976 1648 1108 1711 ducunt:
1126 1648 1268 1709 nonnulli
1288 1647 1365 1708 enim

236 1835 239 1840 ⁴
270 1751 327 1814 καί
358 1764 430 1819 aute
450 1751 523 1827 τούς
546 1758 708 1835 omittunt,
734 1758 875 1821 nonnulli
903 1751 978 1827 τούς
1005 1763 1078 1820 ante
1107 1750 1221 1836 λόγους
1252 1757 1365 1820 addunt

271 1864 318 1941 (G
331 1864 380 1943 P).
432 1865 512 1947 quod
532 1866 625 1947 paulo
653 1872 723 1947 post
744 1865 898 1947 sequitur,
925 1863 1136 1945 παρατεινειν,
1160 1871 1251 1928 acute
1272 1883 1293 1928 a
1311 1864 1364 1926 vi-

270 1970 369 2033 atorio
391 1975 424 2033 et
444 1990 520 2034 vere
540 1973 748 2054 excogitatum
769 1978 826 2036 ese
850 1972 933 2036 eous.
955 1991 981 2035 e.
994 1975 1025 2049 9,
1048 1978 1107 2036 105
1121 1968 1210 2051 παρὰ
1233 1966 1289 2052 τὴν
1311 1966 1363 2031 δύ.

269 2095 367 2154 νομιν
398 2078 643 2156 παρατείναντες
662 2072 716 2139 τὸν
736 2079 859 2162 μῦθον,
879 2083 945 2143 κτλ.
987 2078 1123 2144 codicum
1144 2079 1364 2162 discrepantias

271 2186 305 2251 ia
324 2187 407 2249 notis
428 2187 544 2250 eritieis
563 2189 777 2254 indicavimus.

351 2287 487 2378 χρόνῳ
508 2293 539 2354 d’
559 2284 909 2374 ὕστερον-ἐλθών
927 2293 970 2356 dd
991 2292 1060 2356 καὶ
1077 2288 1277 2377 ληφθείςε
1298 2295 1365 2376 plu·

268 2422 307 2467 ra
327 2403 358 2467 b.
382 2404 404 2467 l.
426 2404 551 2467 turbata
574 2409 645 2466 sunt
668 2404 737 2467 sive
753 2404 877 2467 insertis
897 2405 1015 2469 abillo
1038 2405 1163 2487 antiquo
1194 2405 1362 2485 interpola-

268 2516 338 2573 tere
363 2510 619 2575 admonitionibus
639 2514 733 2594 plane
749 2511 925 2593 inutilibus,
945 2514 1013 2576 sive
1034 2514 1130 2595 (quod
1150 2531 1210 2594 ego
1231 2518 1365 2575 statuere

267 2617 387 2697 malim)
409 2619 541 2701 receptis
556 2621 588 2682 in
602 2621 705 2703 operis
721 2626 896 2684 contextum
904 2620 1160 2684 adnotationibus
1183 2617 1362 2701 marginati-

267 2725 335 2791 bus.
351 2726 480 2808 primum
493 2727 590 2808 igitur
604 2732 675 2808 post
688 2724 806 2807 συνέβη
821 2727 956 2790 additum
971 2723 1145 2805 συνελθεῖν,
1161 2743 1228 2787 eum
1239 2726 1362 2789 verbum

269 2835 423 2898 auxiliare
442 2836 594 2899 infinitivo
616 2855 671 2899 suo
693 2853 803 2899 carere
817 2835 991 2898 videretur:
1012 2854 1083 2898 nam
1106 2836 1158 2917 qui
1177 2834 1273 2915 paulo
1294 2838 1360 2916 post

270 2941 377 3002 ἐλθεῖν
397 2942 466 3001 ἐκεῖ
492 2943 551 3005 bue
571 2945 727 3024 pertinere
756 2963 820 3007 non
840 2944 927 3024 uidit,
948 2944 976 3006 iu
997 2945 1082 3025 prius
1104 2943 1210 3003 ἐλθεῖν
1227 2944 1359 3024 interpu-

268 3050 339 3113 auit.
392 3069 429 3113 ae
448 3070 525 3113 sane
545 3053 729 3133 interposita
750 3054 811 3115 ista
840 3053 1047 3116 admonitione
1066 3052 1234 3115 irrfinitivus
1258 3048 1360 3110 ἐλθεῖν

269 3154 340 3218 ἐκεῖ
355 3157 401 3221 ita
421 3158 560 3220 divulsus
581 3164 628 3220 eut
648 3158 780 3221 averbo
799 3159 925 3239 συνέβη,
946 3165 981 3222 ut
1003 3160 1082 3223 alins
1102 3158 1219 3241 requiri
1240 3157 1359 3220 videre-

265 3271 340 3343 tur;·
367 3267 603 3330 admonitionem
624 3267 693 3330 dieo
717 3261 753 3329 τὸ
774 3264 830 3345 δέ,
854 3257 902 3327 ὅτι
925 3268 1049 3328 dorileu
1082 3262 1207 3344 ὄθεός,
1230 3260 1285 3328 uui
1308 3263 1359 3330 τίν’

265 3372 385 3452 αἰτίαν,
408 3394 487 3459 quae
517 3376 587 3458 ipsa
616 3395 656 3439 ex
676 3376 794 3439 duabus
815 3376 948 3440 conflata
976 3382 1033 3440 est.
1076 3396 1139 3439 uma
1159 3377 1236 3440 bueo
1257 3384 1307 3439 est
1326 3366 1358 3435 τὸ

267 3483 322 3564 δέ,
344 3478 398 3544 dud
427 3483 485 3544 τίν’
515 3484 622 3545 αἰτίαν
651 3482 755 3565 (illud
785 3489 908 3566 autem,
930 3483 970 3548 eb
992 3503 1086 3571 paam
1108 3502 1243 3549 eausam
1262 3489 1359 3550 mater

265 3596 446 3657 sucerdotis
455 3594 565 3656 itinere
598 3600 739 3674 suscepto
769 3594 803 3656 in
831 3593 917 3656 illam
949 3600 1065 3655 terram
1084 3589 1236 3670 venerit),
1260 3593 1359 3654 altera

221 3735 224 3741 ·
264 3698 342 3761 haee
362 3694 395 3758 το“
421 3698 471 3778 δέ,
492 3689 537 3758 ὅτι
560 3692 682 3758 ἀνεῖλεν
701 3692 717 3756 ὅ
738 3692 813 3769 θεός
825 3697 952 3779 (Apollo
972 3698 1163 3780 Delphicus),
1180 3707 1264 3781 'quae
1287 3720 1357 3763 eau-

265 3807 451 3887 semipsum
473 3806 609 3893 exponit.
632 3814 793 3888 unumque
811 3807 903 3869 ealon
922 3826 985 3869 non
997 3826 1017 3870 a
1029 3808 1161 3870 diversis
1182 3809 1357 3872 auctoribus

266 3916 436 3995 profectum
450 3933 517 3978 esse
533 3916 614 3992 dico,
636 3917 691 3978 sed
703 3915 744 3979 ab
757 3935 818 3979 uno
832 3915 971 3998 imperite
989 3919 1177 3999 propositum
1191 3926 1222 3980 et
1232 3919 1356 3981 sinistre

264 4023 415 4102 metum,
446 4016 481 4083 τὸ
505 4013 641 4100 δὲΗτι
665 4021 788 4088 ἀνεῖλεν
809 4014 825 4083 ὅ
850 4015 944 4119 duda,
967 4018 1021 4086 <tad
1051 4024 1106 4086 τίν’
1138 4022 1266 4103 αἰτίαν,
1297 4028 1358 4091 exi-

266 4131 365 4195 stirne.
408 4131 486 4210 illud
507 4132 625 4214 igitur,
647 4151 703 4194 etur
723 4135 824 4196 buter
843 4134 903 4196 iter
921 4134 1070 4215 saepiat
1091 4141 1123 4197 et
1142 4135 1216 4197 illue
1237 4136 1358 4213 veniat,

264 4237 296 4301 b.
316 4256 342 4301 e.
364 4236 517 4319 Apollinis
550 4256 732 4320 responsum
765 4240 867 4303 oresti
898 4240 1024 4320 datum,
1058 4257 1123 4303 non
1142 4240 1298 4322 pertinere
1318 4239 1358 4303 ad
