2892 4917
331 280 374 343 an
395 278 596 351 rotancia
616 276 704 343 cao.
726 285 758 344 e.
781 264 811 359 §2
831 285 924 347 e-a,
1126 283 1188 343 aaa

111 422 246 546 signatio,
265 451 323 523 οδκ
345 459 583 541 ὀλίγοιαδιῶκ.
634 460 765 527 alterurn
790 460 844 527 esi
859 459 922 525 πᾶν
942 452 1190 542 node'posiium,
1303 521 1306 524 ,

110 571 182 652 qaod
202 590 261 651 quo
284 571 440 632 referatur
466 589 528 632 noa
551 569 668 641 habete
693 570 898 650 interpolator
928 569 992 629 noio
1015 567 1122 647 δρᾶμα
1143 570 1192 631 di.
1313 656 1315 659 Ι

111 696 174 739 cere
192 677 313 739 videtur
333 678 476 743 voluisse.
527 679 651 741 tertium
671 685 719 740 est
747 678 883 745 additam
911 668 1192 759 arcanamque!

110 786 191 848 tomo
212 785 271 848 iste
291 785 462 849 dormitans
482 786 551 849 sine
577 787 697 850 ratione
720 792 753 849 et
782 786 911 848 wnsiiio
931 785 1058 848 chartae
1080 785 1190 848 illevit.

50 882 54 895 ’
110 900 241 976 martum
272 894 350 956 adeo
373 856 499 957 accedit.
533 895 652 957 codices
675 895 755 957 eninr
775 913 795 957 a
817 894 961 957 Bekkcro
989 901 1021 958 et
1039 894 1192 976 Bargesio

112 1009 139 1064 ct
156 1003 223 1065 aliis
244 1002 352 1065 collati
365 1008 419 1065 aut
439 990 532 1078 ὄψεις
545 1008 599 1066 ant
619 992 695 1079 ὄψις
715 1003 870 1079 exhibent,
890 1002 942 1065 nbi
955 990 1030 1079 διμις
1051 1022 1072 1066 a
1092 1003 1192 1066 libra-

29 1180 31 1189 ,
112 1110 159 1172 riis
177 1111 289 1173 leviter
309 1130 330 1174 a
353 1128 429 1173 vero
451 1111 603 1174 detortam
624 1118 680 1177 cst.
724 1113 805 1194 qaod
827 1111 981 1174 Victorias
1002 1111 1033 1173 in
1055 1130 1116 1172 nno
1138 1128 1192 1172 vc-

114 1219 270 1280 tastissimo
292 1219 463 1299 exemplari
491 1206 569 1295 ὄψιν
589 1220 728 1298 invenit,
749 1221 780 1282 id
802 1220 971 1282 correctori
992 1219 1097 1282 vitium
1120 1206 1193 1295 διμις

113 1325 266 1388 emendare
285 1331 400 1388 tencre
427 1327 587 1389 festinanti
613 1328 806 1389 tribuendum
827 1332 894 1399 cst,
927 1344 964 1386 co
990 1326 1091 1407 magis
1112 1324 1193 1409 qnod

113 1433 223 1496 danius
248 1419 326 1509 ὄψιν
345 1437 381 1498 ia
403 1437 549 1517 margine
565 1435 657 1497 triam
677 1436 825 1496 librorum
846 1435 886 1498 ab
907 1432 977 1497 alia
997 1448 1094 1496 mana
1113 1432 1195 1494 scri-

111 1548 186 1623 ptmn
207 1541 354 1622 repperit.
396 1539 501 1620 itaque
521 1524 611 1613 ὄψεις
633 1538 715 1602 hand
747 1541 838 1602 dubie
866 1559 942 1611 vern
962 1538 1116 1619 scriptura
1135 1543 1192 1602 est.

112 1650 161 1711 sed
181 1649 366 1712 Aristoteles
386 1647 439 1710 nti
462 1635 539 1721 ὄψιν
552 1665 611 1728 pro
631 1654 722 1727 parte
740 1651 920 1731 tragoediae
941 1648 1036 1729 ponit,
1058 1647 1099 1709 ibi
1119 1666 1193 1708 con·

113 1762 225 1818 stanter
247 1763 278 1817 et
296 1763 380 1817 recte
401 1754 589 1836 singularem
611 1755 743 1833 admisit,
763 1776 826 1819 non
847 1757 1008 1838 pluralem.
1031 1756 1092 1820 vid.
1113 1774 1139 1819 c.
1161 1762 1192 1835 6,

111 1869 179 1927 tet
198 1872 227 1926 ⁷.
250 1884 276 1927 c.
299 1868 349 1943 24,
373 1871 401 1927 1.
433 1865 638 1943 interpolator
657 1864 754 1945 igitur
773 1886 882 1931 nomen
905 1855 981 1941 ὄψιν
1002 1885 1023 1928 a
1045 1883 1079 1926 se
1101 1864 1191 1932 inodo

21 2036 22 2041 ,
109 1971 211 2034 lectam
231 1990 272 2034 ne
301 1978 442 2053 repetere
462 1970 583 2054 quidem
608 1978 694 2034 recte
713 1974 820 2054 potnit.
850 1976 930 2039 conf.
954 1969 1128 2049 Commeat.
1151 1974 1192 2037 ad

107 2086 252 2160 ec‚1e.

182 2187 211 2269 ξ.
233 2195 265 2252 9.
308 2183 424 2269 circio
446 2192 662 2276 τραγῳδία
684 2189 858 2269 μίμησίς
881 2188 1002 2250 ἐστιν
1027 2184 1099 2248 οὐκ
1121 2183 1192 2248 οἷκ-

18 2316 20 2327 ’
108 2292 216 2373 indu
230 2318 304 2361 ov:
325 2300 490 2382 tragoedia
509 2321 572 2364 non
593 2302 677 2382 ipsos
696 2299 843 2378 homines,
864 2299 894 2361 h.
918 2318 944 2361 c.
969 2305 1065 2361 totam
1086 2314 1192 2360 eoram

108 2403 292 2486 qualitatem
322 2408 484 2488 exprimit,
518 2409 573 2470 sed
599 2407 725 2488 singula
746 2406 894 2489 quaedam
923 2423 1028 2467 eorum
1049 2405 1191 2468 facinora

17 2526 18 2537 ¹
106 2511 244 2577 imitatam.
289 2517 467 2597 qualitatem
488 2518 535 2582 ita
555 2523 674 2580 tannem
688 2517 798 2598 pingit,
820 2521 968 2598 quatenns
991 2533 1028 2576 ea
1049 2530 1090 2577 ex
1111 2512 1189 2575 actis

17 2638 18 2675 ι
104 2611 464 2705 intelligite-citat
486 2620 675 2705 πράξεως
697 2622 779 2707 [καί
797 2619 976 2701 βίου-ου’
994 2614 1190 2700 ποιότηςῙι

17 2796 18 2817 χ
105 2731 147 2793 a'c
167 2732 343 2794 exhibemus
365 2733 445 2796 hanc
464 2735 564 2797 locum
585 2734 758 2797 restitutam
778 2753 819 2797 ex
837 2735 985 2797 librorum
1007 2730 1191 2810 scriptoram

104 2838 161 2900 ide
195 2844 227 2900 et
259 2847 423 2922 purgatum
456 2841 687 2920 additamentis,
719 2857 798 2921 quac
825 2839 892 2901 sive
912 2837 1010 2899 Aldas
1025 2837 1106 2899 sive
1135 2837 1190 2899 alii

104 2954 291 3010 correctores
305 2950 375 3012 itali
399 2950 576 3013 intulerant.
619 2948 814 3031 tragoediam
835 2965 902 3010 esse
922 2945 1120 3009 imitationem
1140 2945 1188 3008 ri-

17 3106 18 3119 ,
101 3058 151 3117 tac
171 3054 327 3118 maedam
348 3053 449 3135 (doto)
485 3061 517 3116 et
548 3055 704 3117 felicitatis
733 3049 970 3136 (εδδαιμοοιας)
985 3051 1190 3135 -pronnntiari

101 3160 201 3242 ntique
222 3159 338 3242 oeqrait,
358 3178 398 3221 ne
419 3161 457 3222 de
478 3160 542 3223 illis
556 3161 676 3243 quidem
694 3161 864 3242 tragoediis
880 3179 958 3243 qnae
972 3163 1056 3224 laeto
1076 3163 1190 3224 eventa

102 3268 328 3331 concludantur.
371 3268 442 3349 quid
465 3269 561 3350 igitur
582 3271 721 3330 fecerunt
734 3269 806 3331 ltali
827 3269 867 3331 ad
890 3269 949 3330 irae
968 3269 1189 3332 incommodam

99 3375 318 3438 milesendam
338 3377 389 3437 vel
411 3376 603 3438 tollendum?
649 3381 720 3455 post
741 3370 944 3451 εδδαιμανίας
974 3376 1117 3449 continno
1138 3378 1188 3439 in-
1258 3418 1261 3433 .

101 3490 259 3547 seraeruot
280 3482 335 3542 καί
355 3482 617 3560 incatenantur,
650 3489 684 3545 ut
713 3483 775 3546 iarn
796 3483 960 3563 tragoedia
980 3484 1102 3546 dicatam
1121 3499 1190 3545 esse
1288 3532 1295 3545 .

102 3593 239 3656 metatio
253 3588 433 3671 felicitatis
447 3597 481 3654 et
500 3588 725 3671 infelicitatis.
757 3596 877 3653 restam
892 3591 965 3654 alia.
987 3592 1090 3654 statim
1110 3591 1189 3655 enirn

102 3702 221 3764 codices
235 3702 385 3782 praebent
404 3697 460 3758 καί
479 3694 498 3778 ἦ
520 3696 745 3774 κακοδαιμονία
756 3698 793 3760 ἐκ
804 3696 915 3780 πράξει
930 3697 1005 3759 ἐστί.
1028 3699 1104 3762 haec
1124 3717 1192 3765 crum

17 3812 18 3855 ἰ
101 3811 149 3871 vol
173 3809 321 3871 conectis
345 3808 409 3870 illis
444 3799 499 3865 καί
527 3800 732 3882 εὐδαιμονίας
760 3803 815 3867 καί
839 3804 1080 3883 κακοδαιμονίας
1108 3809 1190 3870 maie

102 3917 306 3993 convenirent,
329 3916 421 3980 iidem
441 3915 514 3980 ltali
534 3916 723 3997 scripserunt
745 3909 801 3975 καί
823 3907 903 3994 γὰρ
937 3908 954 3993 ἡ
981 3912 1051 3976 εδδ
1060 3936 1100 3974 αι
1112 3934 1190 3992 μο.

101 4025 163 4084 κία
182 4024 217 4086 ὲν
237 4018 349 4103 πράξει
379 4023 454 4087 ἐστί.
496 4024 624 4107 antiqua
648 4024 745 4106 igitur
771 4025 926 4106 scriptura
946 4042 986 4087 ex
1005 4023 1127 4104 scriptis
1149 4023 1190 4086 li-

101 4135 162 4199 tris
183 4137 335 4215 restituta,
356 4137 513 4200 videamus
532 4138 605 4219 qaid
627 4156 665 4200 ea
684 4137 854 4201 faciendum
879 4139 928 4201 sit.
983 4138 1188 4219 interpolator

100 4245 208 4328 anquis
228 4245 371 4328 antiquas
392 4246 474 4329 apud
494 4246 692 4311 Aristotelem
707 4247 801 4329 panio
820 4253 971 4333 postcom
985 4246 1106 4330 legeret
1125 4243 1191 4313 elai
