2892 4917
276 279 299 338 2
658 263 1006 329 ΑΡΙΣΤΟΤΕΛΟΥΣ
1023 287 1037 330 ι

281 450 393 529 μένοις
413 444 552 527 τέχναις,
574 436 699 505 ἅπασαι
720 444 781 524 μὲν
800 444 965 506 ποιοῦνται
980 439 1038 525 την
1050 444 1185 525 μίμησιν
1204 442 1238 506 ἐν
1257 439 1379 531 ῥυθμῷ

248 547 251 553 ’
280 562 337 664 και
362 558 444 649 λύγηι
472 563 528 623 καί
556 558 709 646 ἁρμονίη,
729 560 851 634 τούτοις
882 560 911 620 d'
947 551 962 576 '⁸
939 551 1132 643 ηχωρίς”
1110 562 1377 641 ημιμιγμένοις,

213 659 216 672 i
280 675 345 747 οἷον
363 669 502 814 ρῖρμονια
522 679 582 757 μὲν
603 700 654 739 ιιαι
676 670 794 763 ῥυθμῷ
814 671 979 757 χριύμεναι
998 668 1144 756 μόνον“
1123 701 1144 759 η
1163 697 1197 738 τε
1221 674 1376 759 αὐλητικὴ

280 799 335 864 καί
363 822 383 879 η
411 781 634 877 ιἰιθαριστικὴ,
661 785 721 857 κάν
753 790 884 867 οἵτινες
913 788 1021 874 ἕτεραι
1048 787 1249 873 τυγχάνωσιν
1277 783 1377 853 ουσαι

252 914 425 979 ὅτοιαύτσι
452 907 510 993 την
532 905 688 990 δύναμιν,
715 901 782 973 οἷον
812 933 831 991 η
855 910 917 983 τῶν
937 908 1107 991 συρίγγων
1164 908 1249 994 αύτιο
1236 907 1308 971 δὲ
1330 910 1398 996 ugit

279 1028 397 1115 ῥυθμῷ
425 1028 593 1108 μιμοῦνται
620 1025 723 1108 χωρίς
756 1023 926 1107 ἁρμονίας·
945 1022 975 1089 οὶ
1003 1026 1066 1089 τοῖν
1092 1021 1274 1108 ὀρχηστῶν·
1318 1026 1376 1088 κατ’

277 1141 338 1229 γάρ
362 1133 451 1207 ούτοι
475 1139 529 1206 did
558 1143 623 1205 τῶν
645 1142 928 1225 σχηματιζομίνων
961 1140 1097 1225 ῥυθμοῖν
1124 1144 1298 1222 μιμοῦνται
1317 1139 1375 1205 κατ’

249 1253 342 1346 θῆθη
362 1256 418 1323 καί
435 1256 525 1344 πάθη
545 1258 600 1322 καί
612 1257 751 1340 πράξεις.
794 1254 815 1341 ἦ
836 1260 872 1322 di
893 1259 1041 1321 ἐποποιίοι
1060 1252 1158 1338 μόνον
1178 1264 1245 1332 τοῖς
1265 1254 1373 1340 λόγοις

275 1380 384 1459 ψιλοῖς
413 1369 436 1458 ἢ
454 1381 521 1449 τοῖς
540 1375 685 1458 μέτροις,
709 1369 765 1437 καί
785 1367 908 1448 τούτοις
936 1369 998 1437 εἴτε
1025 1376 1164 1456 μιγνύσα
1183 1377 1252 1453 μετ’
1272 1369 1372 1457 άλλη-

274 1497 354 1574 λων,
384 1490 446 1556 εἴθ’
476 1486 527 1553 ἑνί
542 1514 606 1554 τινι
626 1487 708 1571 γένει
736 1491 886 1574 χρωμένη
913 1492 977 1555 τῶν
1007 1491 1133 1570 με’τρων
1165 1488 1370 1571 τυγχάνουσα
1384 1515 1410 1551 ιο

247 1633 264 1695 7
274 1613 371 1693 μέχρι
393 1631 447 1671 του
472 1609 541 1671 νύν.
584 1599 679 1670 odota
701 1602 763 1688 γάρ
785 1600 826 1670 cir
845 1603 972 1689 ἔχοιμεν
993 1604 1151 1685 ὀνομάσαι
1171 1603 1277 1668 κοινόν
1297 1604 1371 1682 τούς

273 1722 445 1809 Σώφρονος
465 1725 530 1786 καί
548 1719 714 1806 Ξενάρχου
746 1726 865 1803 μίμους
893 1747 949 1787 και
978 1744 1054 1798 τους
1074 1717 1294 1854 Σωκρατικούς
1315 1719 1370 1784 λά·

273 1859 368 1923 γους,
398 1839 473 1904 οὐδὲ
504 1836 603 1914 εἴτις
627 1835 683 1903 διὰ
715 1842 890 1921 τριμέτρων
917 1831 941 1921 ἢ
968 1837 1111 1920 ἐλεγείων
1139 1828 1242 1919 ἢτιόν
1263 1829 1368 1900 ἄλλων

272 1959 369 2020 τινοῖν
396 1952 630 2021 τῶντοιούτων
655 1962 777 2018 ποιοῖτο
785 1923 862 2037 τη“υ
883 1957 1033 2039 μίμησιν·
1082 1952 1165 2036 πλην
1187 1951 1216 2017 οἱ
1238 1947 1367 2034 άνθρω·

272 2059 330 2138 ποί
341 2095 377 2156 γε
397 2067 605 2146 συνάπτοντες
620 2073 666 2159 τρῖ
683 2074 788 2157 μέτρῳ
808 2069 843 2135 τὸ
864 2079 966 2135 ποιεῖν
979 2068 1210 2154 ἑλεγειοποιούς
1233 2068 1312 2144 τούς
1332 2071 1366 2134 δὲ
1379 2087 1405 2139 15

271 2186 438 2265 ἑποποιούς
469 2183 699 2268 ὀνομάζουσιν,
732 2189 793 2271 ούχ
814 2188 857 2262 ὥς
877 2186 951 2261 τούς
977 2184 1060 2251 κατὰ
1080 2185 1218 2271 μίμησιν
1238 2183 1367 2270 ποιητάς
1393 2210 1396 2218 ’

241 2300 350 2373 ss‘cttld
384 2304 473 2390 κοινῇ
503 2300 584 2368 κατά
606 2301 639 2367 τὸ
671 2303 788 2386 μέτρον
816 2297 1114 2386 προσαγορεύοντες.
1167 2301 1222 2364 καί
1241 2298 1303 2384 γάρ
1326 2296 1367 2366 dv

269 2419 407 2506 ἰατρικὸν
436 2416 457 2504 ἢ
482 2416 636 2501 μουσικόν
659 2441 691 2482 τι
723 2415 778 2482 tut
806 2421 871 2483 τοῖν
902 2418 1029 2503 μέτρων
1058 2420 1252 2504 ἕκφὲρωσιν,
1284 2413 1366 2483 ούτω

339 2546 365 2598 5.
383 2545 511 2599 τοιαῦται
527 2544 626 2596 Aldus:
639 2537 772 2597 omittunt
779 2544 890 2598 echcN⁸
908 2552 937 2597 et
948 2544 1067 2598 Medicei
1084 2562 1177 2598 omnes
1198 2552 1227 2598 et
1243 2545 1364 2617 GLPQ.

338 2632 393 2685 vid.
407 2632 700 2684 Commentarius.

268 2754 336 2806 ctae
357 2745 476 2807 faciunt
509 2745 714 2807 imitationem
735 2766 867 2807 numero
890 2756 923 2807 et
954 2766 1098 2807 sermone
1125 2753 1159 2807 et
1185 2754 1366 2824 concentu,

269 2845 368 2928 iisque
389 2856 442 2907 aut
465 2845 589 2928 singulis
613 2854 668 2906 aut
691 2847 809 2924 mixtis,
838 2845 1100 2929 quemadmodum
1121 2868 1185 2907 uno
1206 2857 1365 2908 concentu

270 2965 467 3028 numeroque
489 2956 623 3006 utuntur
638 2956 670 3007 et
684 2947 816 3007 auletica
831 2956 863 3007 et
876 2946 1074 3023 citharistica,
1098 2956 1130 3007 et
1147 2947 1172 3006 si
1192 2968 1272 3030 quae
1291 2956 1366 3008 sunt

270 3046 347 3106 aliae
372 3046 507 3107 eiusdem
526 3047 707 3128 potestatis,
739 3054 775 3106 ut
796 3070 875 3130 quae
905 3047 1011 3107 fistulis
1034 3046 1126 3106 cauit.
1168 3048 1236 3108 solo
1259 3056 1366 3108 autem

269 3166 401 3206 numero
425 3146 587 3207 imitantur
614 3148 680 3208 sine
709 3159 866 3208 concentu
888 3157 990 3208 motus
1018 3147 1218 3209 saltatorum:
1247 3148 1366 3209 etenim

268 3245 302 3304 hi
324 3267 452 3328 quoque
465 3268 523 3328 per
545 3249 694 3329 figuratos
716 3269 862 3309 numeros
883 3249 1046 3309 imitantur
1061 3257 1093 3310 et
1115 3269 1218 3322 mores
1235 3256 1266 3309 et
1288 3271 1364 3329 per-

269 3347 465 3408 turbationes
488 3358 519 3408 'et
543 3348 688 3409 actiones.
726 3349 879 3430 epopoeia
901 3370 976 3410 vero
999 3349 1067 3411 unis
1090 3349 1282 3410 sermonibus
1304 3372 1364 3409 nu.

270 3446 315 3509 dis
340 3456 394 3508 aut
415 3448 532 3524 metris,
557 3458 652 3528 atque
671 3447 717 3509 his
734 3448 809 3509 dum
830 3470 866 3509 ea
886 3449 949 3511 sive
970 3450 1078 3511 miscet
1099 3449 1275 3525 intersum,
1297 3449 1363 3511 sive

268 3569 332 3608 uno
365 3549 470 3630 aliquo
498 3569 611 3629 genere
638 3556 815 3609 metrorum
842 3550 945 3611 utitur
965 3572 1063 3633 usque
1086 3549 1126 3610 ad
1147 3548 1209 3608 hoc
1229 3558 1363 3630 tempus.

183 3667 188 3670 ’
267 3668 330 3707 nou
350 3649 432 3707 euim
449 3636 607 3708 communi
621 3648 747 3709 nomine
768 3649 1036 3730 comprehendere
1048 3670 1204 3732 possemus
1216 3649 1363 3728 Sophro.

267 3747 315 3807 nis
336 3756 368 3808 et
382 3748 541 3809 Xenarchi
562 3749 672 3810 mimos
688 3757 719 3809 et
731 3750 908 3811 Socraticos
930 3772 1097 3826 sermones,
1123 3770 1226 3831 neque
1244 3749 1269 3808 si
1292 3750 1363 3831 quis

265 3847 415 3907 trimetris
435 3849 485 3909 vel
507 3849 597 3930 elegis
620 3849 668 3910 vel
691 3849 756 3910 aliis
778 3850 963 3932 quibusdam
984 3849 1135 3912 eiusmodi
1155 3852 1273 3914 faceret
1290 3849 1364 3908 imi-

265 3947 431 4020 tationem
462 3940 520 4008 nisi
553 3950 640 4031 quod
667 3947 813 4011 homines
838 3953 1017 4033 copulantes
1041 3974 1113 4012 cum
1132 3960 1235 4011 metro
1256 3950 1362 4009 facere

266 4047 341 4108 alios
363 4048 580 4130 elegifices
601 4050 676 4111 alios
697 4051 875 4134 epifices
908 4053 1088 4129 nominant,
1116 4065 1185 4110 non·
1210 4059 1274 4110 tam
1304 4049 1360 4132 qui

264 4147 432 4209 secuudum
448 4149 653 4211 imitationem
673 4164 745 4213 sunt
762 4160 869 4234 poetas
894 4176 987 4236 quam
1008 4152 1217 4213 communiter
1247 4172 1359 4212 secuu-

265 4249 339 4311 dum
359 4259 496 4312 metrum
528 4250 726 4338 appellantes.
770 4253 883 4315 etenim
906 4254 930 4317 si
952 4254 1106 4316 medicum
1129 4251 1289 4335 quoddam
1309 4249 1359 4311 vel
