2892 4917
554 342 688 407 curbi·
709 342 747 406 ΙΙ.
1133 363 1201 406 rrrx

111 540 150 602 de
186 539 284 604 verbo
317 557 496 623 expressum
524 542 640 621 extrui,
669 549 700 605 et
723 543 888 626 praecipue
905 542 1137 610 nummularius
1158 542 1201 607 ed

112 671 330 736 illustrandum
349 672 462 736 librum
481 674 690 738 diffieillinrum
720 694 742 738 u
763 692 811 738 rue
838 676 1045 759 conscriptos,
1067 695 1109 741 uu
1131 677 1201 761 ipsu

111 823 167 886 pro
192 824 229 867 se
250 806 402 888 loquium
422 807 529 889 wqou
549 826 585 870 so
605 807 806 889 prudentibus
826 809 952 895 arbitris
975 810 1096 891 ipsese
1116 828 1201 875 oon-

109 936 258 1001 uendere
277 938 411 1020 possint,
433 939 504 1004 eliis
523 938 750 1030 oeoernenouu
772 939 922 1021 relinquo.
963 959 1044 1025 quae
1062 947 1135 1010 onte
1152 959 1203 1006 ne

111 1068 166 1133 ulii
187 1071 384 1135 commentati
405 1078 485 1150 suot,
506 1072 587 1136 bono
606 1078 638 1134 et
655 1072 769 1154 gravia
788 1074 894 1138 notavi
916 1079 948 1136 et
968 1074 1077 1157 quibus
1097 1079 1203 1140 sueto-

111 1201 196 1266 rrbus
216 1200 255 1282 i³)
287 1203 455 1269 debeantur
474 1204 628 1298 iudicooi:
659 1221 781 1299 errores
802 1203 1004 1302 interpretur
1032 1212 1066 1269 et
1085 1225 1204 1290 proves

112 1334 273 1418 opiniones
294 1336 417 1401 silentio
438 1338 610 1420 praeterire
631 1356 721 1422 qnam
744 1356 923 1402 enumerare
948 1339 1062 1421 melu,
1091 1341 1152 1405 uisi
1173 1340 1203 1405 si

110 1467 187 1533 baec
208 1470 292 1534 rdtio
327 1470 522 1536 humanitatis
553 1473 677 1542 veritati
699 1474 823 1536 officere
843 1444 1023 1538 dierum.
1065 1472 1122 1537 sed
1142 1463 1203 1538 boe

111 1610 165 1685 te,
185 1605 307 1684 lector,
329 1585 515 1670 admonitum
537 1607 651 1686 velim,
672 1604 918 1670 dissertationem
938 1626 960 1670 u
981 1607 1075 1672 beon
1098 1604 1202 1689 Spen-

111 1739 195 1821 gelio
210 1738 251 1802 de
270 1738 396 1804 Poetioo
415 1739 592 1803 Aristotelis
621 1756 719 1822 nuper
751 1738 864 1802 editam
895 1738 1103 1840 obedituris
1120 1757 1202 1804 uou-

111 1872 205 1936 nullis
225 1872 397 1937 nmtiotum
417 1874 522 1958 iniquo
544 1892 619 1937 essu
641 1872 814 1956 (Weiekeri
833 1872 893 1936 viri
914 1872 1130 1955 mndidissirui
1150 1874 1202 1958 qui

112 2004 245 2089 benigne
270 2006 344 2070 mibi
374 2007 461 2071 iliam
477 2014 643 2089 porutnnrs
672 2013 759 2086 eret,
778 2024 863 2090 spem
890 1970 1079 2089 bibliopoloe
1099 2007 1203 2091 negti·

113 2140 217 2222 gentio
238 2141 365 2224 fefellit)
388 2160 470 2206 ame
490 2141 623 2205 nondum
644 2141 743 2205 visam
763 2159 842 2205 esse.
883 2139 1072 2205 scenicorum
1092 2147 1201 2223 poeta·

112 2292 176 2339 ruur
198 2275 389 2339 Groeeorum
422 2276 508 2339 looos
542 2274 670 2338 laudavi
699 2292 740 2339 ex
772 2273 855 2338 (inii.
889 2271 1042 2338 Dindorbi
1069 2273 1203 2338 editiore

14 2455 15 2462 .
114 2408 264 2490 Lipsiensi
284 2428 313 2472 o.
336 2413 435 2488 183⁰,
465 2407 518 2473 ubi
548 2408 613 2473 olio
640 2425 702 2471 uon
721 2407 859 2472 indicato
879 2412 944 2486 est,
964 2405 1141 2471 Aristotelis
1162 2427 1203 2474 ex

112 2545 291 2608 recensione
310 2544 506 2607 Bekkerioua
527 2563 557 2608 a.
578 2548 670 2608 1831.
722 2541 775 2626 qui
796 2542 828 2605 in
851 2540 929 2605 loeis
948 2559 988 2606 ex
1007 2540 1132 2607 Poetico
1151 2560 1202 2607 re·

14 2719 15 2722 =
113 2678 183 2743 iotis
205 2678 337 2761 capitum
354 2678 435 2741 notis
454 2676 581 2742 subiecti
602 2682 674 2741 sunt
696 2676 814 2741 uruueri
835 2676 896 2753 (ex.
918 2692 968 2760 gr.
988 2695 1016 2741 o.
1030 2680 1062 2755 8,
1075 2680 1108 2753 3)
1131 2694 1202 2759 seg·

14 2895 15 2918 ¹
113 2819 214 2877 menta
242 2812 375 2894 capitum
403 2830 489 2875 meoe
514 2811 658 2874 editionis
682 2811 839 2875 denotant.
882 2828 1006 2875 errores
1026 2809 1201 2892 typothetn·

14 2943 15 2954 ’
113 2964 178 3011 rum
198 2965 240 3011 ne
256 2948 403 3010 lectorem
421 2944 583 3010 turbarent
600 2945 666 3027 ipse
679 2943 835 3027 prospexi.
875 2943 965 3027 pouei
987 2941 1039 3027 qui
1057 2949 1128 3025 post
1145 2962 1203 3007 no-

114 3079 254 3142 vissimas
284 3095 375 3141 ouras
397 3077 497 3141 relicti
517 3082 588 3140 suut
610 3076 759 3160 impedire
778 3074 927 3138 neminem
946 3079 1092 3157 possunt,
1112 3076 1202 3140 verbi

14 3275 16 3284 ,
113 3183 204 3275 censa
227 3230 260 3294 p.
285 3216 336 3291 1⁰,
350 3215 390 3273 11
418 3206 597 3290 τραγωδιάς
626 3226 683 3289 pro
704 3198 908 3290 τραγῳδίας,
940 3225 971 3288 p.
991 3210 1035 3270 30
1065 3206 1098 3271 iu
1119 3224 1201 3272 vers.

113 3344 178 3408 lut·
193 3341 464 3429 [iytuooestrom
484 3363 542 3427 pro
554 3338 859 3426 Clytaemnestram,
882 3344 967 3422 poe
986 3339 1098 3404 ibidem
1118 3336 1201 3405 vob

113 3481 283 3566 iipidtpro
303 3478 504 3564 Callippidi,
539 3499 570 3562 p.
587 3481 650 3542 143
668 3477 747 3541 med.
769 3473 811 3540 ab
834 3473 945 3540 oiterto
976 3475 1200 3539 mosomo

14 3703 15 3706 Ἴ
114 3634 167 3696 pro
191 3612 233 3679 ab
254 3612 364 3678 abieoto
384 3630 482 3677 mono
502 3614 651 3690 inserto,
672 3629 703 3691 p.
717 3614 778 3671 171
812 3601 903 3691 eom
920 3624 977 3689 pro
997 3595 1097 3690 ᾄδειν.

212 3748 355 3815 Ceterum
379 3747 509 3811 nitorem
538 3745 618 3808 buno
649 3740 904 3825 typogropbiuuu
927 3759 986 3823 ego
1011 3745 1044 3802 et
1065 3740 1199 3836 lectores

114 3883 254 3948 debemus
276 3881 387 3965 partim
409 3877 611 3961 redemptoris
638 3875 739 3940 studio
759 3874 934 3957 elegantiae
953 3874 1067 3958 portin
1090 3872 1199 3939 nunti

146 4175 169 4244 *)
187 4174 265 4245 Quae
283 4188 307 4227 c.
325 4170 367 4235 13,
385 4170 410 4224 7.
427 4175 573 4221 memorato
594 4173 634 4219 est
652 4164 808 4217 coniectura
833 4159 956 4233 (θεατῶν
974 4176 1023 4232 pro
1039 4156 1196 4233 θεάτρων),

208 4310 267 4347 eam
284 4311 300 4345 a
320 4292 412 4346 Medio
431 4291 607 4360 excogitatam
628 4302 686 4340 esse
705 4285 795 4338 dicere
814 4285 844 4344 iu
856 4286 955 4340 Comus.
976 4281 1076 4334 oblitus
1094 4296 1160 4333 sum.
