2892 4917
252 300 314 365 rel
645 290 969 363 comitantiam

250 490 309 560 cst,
331 500 398 545 onrn
418 481 479 545 ista
499 479 613 564 magni
636 481 761 564 prologi
793 479 928 545 definitio
963 466 1013 544 alr¹
1028 476 1253 561 interpolatore
1272 494 1351 561 proa

251 593 334 653 lecta
356 590 405 652 sit
458 588 544 651 coins
569 588 665 671 igitur
685 588 817 652 nominis
842 590 928 652 notio
957 593 1023 650 toto
1044 604 1139 669 opere
1159 605 1222 650 non
1244 584 1351 667 expli-

250 704 339 762 cator
358 715 456 780 neque
479 704 747 777 commemorator,
768 697 800 759 id
822 696 972 781 quomodo
992 695 1058 759 sine
1079 692 1277 757 obscuritatis
1296 692 1349 756 vi-

143 806 146 811 ’
250 805 295 867 tio
318 812 380 868 tarn
410 803 491 866 node
519 804 593 886 poni
624 804 655 869 l.
677 805 699 867 l.
719 804 844 886 potniti
883 803 1002 868 aceedit
1036 803 1116 885 qnod
1136 808 1167 864 et
1187 797 1350 880 πρόοιοπο

251 918 284 973 et
303 908 417 990 πλήθη
431 905 608 991 ὑποκριτῶν
643 910 684 974 nd
704 918 864 977 externam
896 910 1072 974 comoediae
1091 906 1229 973 heliam
1248 908 1358 991 perti-

249 1026 333 1098 nent,
352 1012 504 1096 πρόλογος
524 1026 624 1083 antem
648 1018 746 1100 ipsam
767 1025 887 1102 partem
905 1018 1081 1082 comoediae
1103 1016 1215 1081 efficit:
1238 1036 1306 1080 cnr·
1317 1019 1350 1081 is

250 1127 347 1209 igitar
368 1126 484 1188 medius
504 1126 686 1191 intercedit?
728 1146 806 1211 qnae
827 1147 894 1192 cnm
916 1128 962 1191 ita
983 1126 1053 1206 sint,
1088 1142 1147 1209 ego
1167 1144 1231 1188 non
1251 1125 1350 1189 dnbi-

250 1236 317 1300 tavi
338 1230 448 1312 λόγους
466 1235 507 1299 alr
526 1236 701 1325 Hermanno
735 1243 844 1319 gratos
864 1236 1026 1319 accipere,
1053 1235 1109 1298 sed
1131 1234 1211 1298 idem
1231 1252 1292 1317 ego
1314 1234 1351 1296 h

251 1343 434 1425 explicando
458 1363 495 1405 eo
517 1345 638 1408 nomine
660 1365 680 1409 a
701 1345 770 1409 viro
788 1344 950 1428 ingenioso
971 1345 1004 1407 in
1027 1344 1091 1408 alia
1113 1342 1246 1406 discedo.
1276 1341 1350 1422 ipse

251 1447 364 1530 λόγους
385 1457 575 1533 ονγτοποπλο
589 1453 746 1536 intelligit,
766 1453 821 1515 sed
843 1460 953 1516 contra
967 1453 1048 1517 lianc
1060 1448 1350 1533 interpretationem

252 1566 355 1643 potest
376 1560 492 1624 moneri
515 1561 706 1644 quodmodo
729 1562 769 1625 ad
791 1553 963 1640 προλόγους
985 1552 1193 1624 exnnbandos
1213 1557 1350 1640 protuli·

251 1686 327 1746 mns,
348 1668 430 1730 inter
448 1674 539 1731 notas
551 1674 696 1731 externas
716 1668 846 1732 medinm
858 1667 1012 1750 interponi
1031 1669 1112 1751 qnod
1133 1667 1174 1730 ad
1194 1652 1352 1729 internam

253 1782 352 1839 artem
372 1773 517 1838 comieam
531 1775 694 1856 pertineat
737 1794 797 1857 ego
817 1775 914 1858 igitar
934 1766 1044 1854 λόγους
1062 1774 1205 1857 intelligo
1220 1790 1350 1837 sema-

254 1900 332 1960 που,
355 1889 430 1962 puta
449 1881 506 1945 illa
535 1900 614 1965 qnae
634 1900 718 1947 anos
741 1888 839 1947 octor
865 1901 968 1946 coram
995 1882 1091 1946 choro
1119 1883 1157 1944 de
1180 1902 1274 1945 scena
1293 1888 1351 1946 ant

251 1991 412 2053 tranando
440 1994 494 2051 aut
524 2008 591 2052 cnm
621 1989 774 2052 chorentis
810 1992 1010 2074 colloquendo
1038 1991 1170 2074 itemque
1198 2008 1237 2052 ea
1269 2008 1351 2072 qnae

253 2114 316 2159 non
335 2095 432 2157 molto
454 2101 524 2176 post
545 2094 662 2178 plures
682 2102 818 2161 actores
839 2097 921 2160 inter
941 2116 1008 2159 sese
1029 2098 1189 2180 loquentes
1208 2096 1349 2160 exsecuti

252 2208 333 2280 nno,
355 2209 391 2265 nt
409 2191 496 2280 λύγοι
519 2196 698 2280 ὑποκριτῶν
719 2209 914 2285 opponantur
941 2192 1064 2286 ᾅσμασι
1097 2201 1258 2287 κωμιρύῶν
1279 2203 1349 2265 sive

251 2309 426 2390 χορευτῶν.
475 2311 537 2374 iam
567 2330 673 2375 omnes
702 2332 755 2376 res
782 2332 860 2395 qnae
890 2321 1163 2396 commemorantur
1197 2319 1349 2374 externae

254 2426 335 2499 sunt,
356 2435 521 2501 personne
543 2425 575 2480 et
595 2417 762 2503 colloquia
784 2426 816 2480 et
835 2421 961 2482 numeri
989 2416 1201 2493 λλολνύοπτοπς
1235 2417 1350 2479 deinde
1425 2426 1430 2435 ·

255 2527 307 2590 hio
326 2528 413 2589 locus
432 2527 465 2589 in
486 2529 642 2591 comoedia
659 2528 825 2610 respondet
846 2527 885 2590 iis
906 2546 984 2610 qnae
1005 2547 1031 2590 ο.
1045 2531 1134 2607 4,13.
1156 2527 1196 2589 de
1217 2532 1350 2608 tragoe-

254 2633 308 2695 dia
330 2638 509 2715 nalrantnr.
563 2627 669 2714 πλήθη
703 2630 883 2715 ύποκρντῶν
917 2641 964 2696 est
988 2654 1131 2697 numerus
1159 2632 1351 2724 detonarent

254 2760 397 2805 numento
417 2744 515 2806 triam
543 2739 746 2822 histrioniam
777 2744 908 2827 denique
934 2737 1044 2823 πλὴθύγ
1076 2735 1252 2822 ὑποκριτῶν
1274 2730 1352 2824 apid

254 2855 326 2930 post
347 2843 457 2928 λόγους
477 2848 659 2912 succedunt:
681 2855 802 2911 actores
823 2843 1036 2928 οιιίοτλύγους
1056 2853 1273 2929 exsequontur.

336 2948 379 3011 τὸ
402 2951 447 3013 di
467 2948 782 3030 μύθουςποτεΐν
803 2951 1056 3032 Ἐπίχαρμος
1074 2950 1144 3014 καὶ
1166 2949 1349 3036 Φόρμιςτ

255 3080 296 3126 ex
324 3079 510 3142 praegresso
541 3057 702 3122 ἀπέδωκεν
731 3062 858 3126 verbnm
887 3063 929 3126 ad
957 3057 1086 3139 μύθους
1113 3064 1215 3123 ποιεῖν
1241 3071 1350 3144 aptum

257 3170 445 3252 cogitatione
468 3168 668 3251 supplendum
690 3174 746 3247 est,
769 3168 850 3250 qnod
871 3185 931 3250 qno
951 3168 1075 3231 facilius
1093 3169 1157 3248 liat,
1177 3168 1348 3234 semicolon

255 3298 314 3364 pro
334 3287 447 3361 puncto
468 3279 558 3361 posui
574 3285 645 3360 post
665 3269 823 3358 ἠγνόηται.
856 3277 929 3342 itali
949 3277 1188 3357 interpolatores
1209 3296 1351 3343 mancum

256 3407 325 3452 esse
346 3406 515 3451 sermonem
534 3388 696 3469 opinantes
718 3392 790 3468 post
811 3378 936 3464 Φόρμις
958 3372 1219 3458 addiderunt}
1160 3385 1219 3463 ηρξ
1220 3404 1277 3464 ον,
1297 3385 1349 3448 id-

256 3512 355 3578 qnea
385 3496 473 3558 nullo
493 3495 597 3557 codice
625 3492 795 3557 olrlatnrn
786 3510 820 3555 ιο
847 3490 992 3555 Aldinnm
1013 3492 1172 3572 exemplar
1193 3495 1351 3573 receptum

257 3609 289 3664 et
309 3603 381 3666 inde
406 3605 472 3667 late
502 3620 625 3685 propag
626 3609 709 3665 atmn
741 3609 803 3679 est3
825 3620 883 3685 qno
921 3619 988 3663 cnm
1017 3601 1141 3663 soloeca
1160 3601 1255 3665 iacta
1265 3606 1352 3662 esset

256 3709 378 3789 oratio,
400 3709 526 3775 licinius
554 3710 772 3790 interpolatam
791 3709 975 3791 scripturam
1002 3708 1112 3771 iterum
1131 3707 1350 3790 interpolando

256 3816 341 3879 dedit
370 3816 453 3877 τού
481 3815 517 3876 δὲ
537 3812 820 3897 modove-dicimur
843 3804 949 3896 ἧρξαν.
971 3851 1011 3863 -
1033 3811 1160 3894 μύθους
1181 3821 1279 3874 ποιεῖν
1302 3819 1352 3878 est

257 3926 381 3989 fabulas
405 3943 446 3989 ex
464 3925 595 3988 historia
614 3926 748 4004 mythico
769 3925 882 4007 petitas
904 3926 1067 3988 comoediis
1086 3924 1246 4003 subiicere,
1266 3922 1348 4005 qnod

257 4051 408 4115 persaepe
430 4033 470 4096 ab
491 4030 675 4113 Epicharmo
705 4035 821 4097 factam
851 4050 918 4097 esse
944 4041 975 4095 et
1006 4035 1103 4097 multa
1124 4032 1351 4095 comoediarum

258 4142 324 4204 eins
345 4141 469 4204 nomina
490 4139 543 4201 el
533 4157 604 4220 rpsa
620 4140 796 4221 fragmenta
816 4124 990 4202 ostendunt.
1032 4138 1065 4202 in
1083 4137 1205 4201 nomine
1222 4127 1361 4210 μύθους

258 4246 426 4333 evulgari
458 4245 603 4334 loquendi
633 4263 691 4311 usu
713 4245 763 4312 hic
785 4244 904 4330 quidem
929 4245 1105 4310 discessisse
1127 4242 1350 4323 Aristotelem,
