2892 4917
234 289 297 348 m
469 271 474 283 ’
618 275 944 341 COMMENTARIVS

530 387 543 418 ί

234 466 336 527 laeam
356 453 506 541 suspicari
534 457 616 523 licet.
671 477 728 541 pro
751 458 855 539 priore
876 453 976 519 ἐποίει
999 454 1120 518 codices
1142 455 1194 536 qni
1217 474 1326 517 nemo·

232 579 344 634 rantur
365 585 469 629 amnes
492 565 559 626 ἐστι
581 567 741 648 praebent,
763 566 842 647 qnod
865 583 908 627 ex
928 582 1021 625 versa
1041 569 1225 644 antegressa
1246 564 1326 623 forte

234 677 294 740 luc
316 676 452 737 delatam
467 674 592 735 verbnm
614 673 778 754 genuinum
800 679 832 733 et
852 672 892 734 alr
905 669 986 731 Aldo
999 669 1171 732 restitutam
1195 669 1235 730 de
1255 669 1327 730 seda

232 802 289 845 aaa
320 782 440 843 deiecit.
490 787 623 844 ceteram
655 781 814 861 repetitam
847 778 990 841 conanus
1021 774 1121 835 ἑιιοιέι
1148 777 1326 838 nonnullam

233 889 367 953 auctoris
388 887 551 949 infantiam
572 887 687 968 arguit

317 985 408 1052 aira
435 988 531 1051 οὐδὲ
564 978 963 1070 ιιι’νησις·ὅρχησιςι
993 1007 1057 1051 non
1089 989 1122 1051 id
1150 988 1225 1051 vitio
1246 989 1325 1050 verti

234 1099 415 1180 tragoediae
436 1105 537 1179 potest
557 1099 636 1179 qued
659 1098 754 1160 multo
775 1103 859 1159 moto
882 1096 986 1172 utimr,
1010 1096 1064 1158 sed
1085 1095 1207 1158 nonnisi
1229 1101 1327 1157 motas

233 1217 265 1271 et
284 1210 410 1271 saltatio
434 1208 619 1269 deteriorum
640 1206 846 1285 vituperanda
873 1213 930 1268 est.
977 1206 1033 1268 illa
1063 1198 1151 1283 εἴπερ
1173 1204 1249 1283 μηδ’
1272 1191 1326 1279 ὅρ-

196 1357 202 1367 ,
234 1335 328 1393 χησις
350 1314 399 1393 (si
419 1312 617 1378 resultatio
638 1312 765 1395 peridem
787 1312 884 1374 omnis
900 1312 1095 1392 despicienda
1117 1319 1174 1387 est)
1195 1320 1327 1375 aetatem

232 1422 364 1502 prodere
395 1422 556 1497 videntur,
577 1440 644 1482 com
666 1419 791 1482 saltatio
816 1419 1010 1480 obsolescere
1030 1426 1062 1480 et
1081 1419 1234 1484 contemni
1253 1420 1327 1482 inri-

224 1536 385 1610 peret-
426 1526 718 1604 praevaluere:
741 1532 954 1606 exspectamus
974 1524 1199 1603 μιμουμένοις,
1217 1529 1272 1589 sed
1293 1528 1331 1589 in

231 1636 453 1699 conformanda
475 1633 616 1696 oratioue
638 1633 687 1694 liic
708 1632 799 1696 homa
819 1633 898 1695 mira
921 1631 1054 1695 lascivia
1074 1633 1321 1713 grassarisolet.

230 1745 310 1804 conl.
333 1744 510 1818 c.25,1s.
535 1735 574 1796 oe
604 1734 755 1798 πινόντων
776 1730 868 1800 οἶνον.
913 1758 939 1802 e.
961 1745 1012 1820 26,
1041 1745 1070 1802 1.
1092 1729 1150 1797 cria
1171 1737 1324 1799 αἰσθαιι.

228 1846 398 1923 prisma-
421 1839 488 1905 διὰ
509 1838 587 1922 γὰρ
609 1843 678 1904 roni
697 1840 996 1922 ἀναγινώσκειν
1014 1842 1174 1925 φανερὰ
1199 1840 1322 1907 ὁποία

111 1937 114 1958 ’
231 1972 295 2023 τις
318 1950 459 2015 ἐστι’νι
482 1953 594 2015 lraosta
616 1952 693 2015 haec
714 1959 786 2014 sunt
805 1972 845 2015 ex
866 1954 934 2015 loeo
955 1954 1037 2016 male
1065 1954 1221 2016 intellecto
1238 1960 1322 2034 all,

224 2062 361 2124 ·1.e0nr.
384 2056 559 2123 οινιιιιιιι.
582 2060 616 2121 ia
637 2079 664 2122 e.
688 2035 789 2137 aas.
812 2068 844 2122 et
866 2061 898 2122 in
921 2067 1071 2141 c.s,1s.

313 2166 394 2246 §.4
438 2158 856 2226 dasrrndrc'reaa'vr'
885 2160 1322 2246 ἔχει·τῆνμουσικὴν

230 2274 300 2332 και·
328 2269 400 2352 τὴν
427 2262 528 2349 ὄψιν
557 2267 577 2332 ἔ
578 2295 600 2351 χ
612 2272 669 2337 εἰς
696 2274 801 2355 iniqua
821 2275 1058 2356 reprehensione
1089 2276 1234 2355 repulsa,
1264 2278 1322 2339 iam

229 2382 342 2444 transit
352 2382 391 2444 ad
408 2383 630 2463 praestantiam
647 2381 830 2462 tragoediae
844 2401 920 2463 prae
935 2382 1082 2463 epopoeia
1096 2373 1323 2460 vindicandam,

228 2489 307 2568 quod
335 2490 379 2551 ita
408 2489 539 2551 instituit
570 2496 604 2552 at
626 2489 701 2551 alna
732 2508 789 2551 sua
811 2490 950 2552 adhibita
970 2497 1120 2552 monstret
1140 2493 1324 2573 tragoediae

189 2587 191 2592 ’
228 2615 291 2657 non
312 2595 403 2657 mode
426 2597 602 2678 quidquam,
615 2596 723 2657 deesse
745 2615 848 2657 eoram
872 2597 981 2677 quibas
1002 2598 1150 2677 epopoeia
1171 2598 1323 2660 instructa

227 2704 277 2782 sit,
302 2689 356 2765 sed
378 2704 505 2766 eandem
525 2705 617 2785 plara
631 2704 723 2766 etiam
744 2704 859 2766 habere
874 2722 964 2785 qaam
986 2705 1172 2785 epopoeiam.
1195 2741 1237 2753 -
1254 2702 1323 2767 aei

225 2803 301 2887 γὰρ
334 2808 384 2892 τῷ
414 2810 548 2893 μέτρῳ
578 2803 719 2883 ἔξεστι
749 2809 963 2889 gadedai:
990 2832 1051 2873 non
1080 2813 1225 2876 lraecest
1248 2815 1321 2878 falsi

229 2917 363 2979 auctoris
377 2918 539 2996 sarmatia,
560 2934 668 2979 versus
682 2918 848 2998 epopoeiae
860 2918 1011 2998 proprios,
1034 2920 1064 2982 h.
1080 2938 1107 2983 e.
1123 2920 1321 2983 hexametros
1359 2919 1365 2928 '

228 3021 359 3092 heroos,
393 3024 484 3083 etiarn
518 3024 551 3082 in
580 3025 772 3116 tragoediam
803 3026 922 3087 admitti
950 3041 1060 3107 pesse,
1081 3027 1136 3089 sed
1157 3035 1191 3089 nt
1211 3027 1322 3091 doceat

225 3131 342 3188 nullam
366 3129 532 3201 epspoeiae
563 3135 680 3208 partem
704 3132 885 3211 tragoediae
915 3134 1032 3210 deesse,
1053 3138 1226 3198 miricam
1246 3154 1321 3199 ora·

226 3231 344 3290 deame
367 3220 414 3308 (ιὸ
436 3226 566 3305 μέτρον)
594 3230 684 3291 etiam
707 3239 889 3312 tragoediae
923 3247 1094 3315 competere
1110 3247 1214 3303 menet
1235 3240 1322 3320 (Ari-

225 3336 352 3397 stoteles
371 3335 437 3414 ipse
462 3337 572 3397 saltem
593 3329 633 3393 rei
654 3336 755 3414 μέτρα
779 3340 962 3419 scripsisset
984 3346 1063 3405 coni.
1081 3334 1256 3409 commend.
1279 3347 1318 3409 ad

224 3461 250 3504 e.
275 3448 304 3519 1,
324 3449 346 3503 6
367 3449 398 3503 et
421 3443 492 3520 10),
524 3448 644 3506 ceteras
677 3452 782 3524 partes
817 3466 989 3509 communes
1023 3449 1138 3524 (μῦθον
1158 3441 1225 3531 ἤθη
1250 3449 1319 3513 διά.

134 3585 142 3600 .
223 3552 322 3621 aerea)
340 3549 465 3628 silentio
482 3549 730 3628 praetermittens
752 3559 783 3612 et
803 3552 953 3615 festinans
973 3556 1013 3618 ad
1035 3564 1140 3637 partes
1150 3578 1229 3639 qnae
1249 3568 1317 3624 tra·

223 3656 353 3736 geediae
387 3655 558 3735 peculiares
593 3658 758 3737 epopoeiae
787 3658 918 3737 desunt,
947 3662 987 3722 ad
1006 3661 1162 3742 μουσικὴν
1182 3673 1213 3728 et
1231 3657 1315 3743 ὄψιν.

222 3762 275 3824 sed
298 3762 336 3822 de
349 3760 408 3822 liae
430 3763 550 3826 nemine
565 3757 629 3840 (τὴν
643 3757 815 3841 μουσικήν)
839 3766 910 3848 qnid
924 3769 1047 3832 undem
1068 3772 1228 3859 dicemus?
1244 3795 1315 3838 num

221 3886 314 3929 veras
338 3867 522 3932 Aristoteles
550 3889 682 3953 anquam
710 3872 840 3947 lyricam
860 3876 1040 3955 ragadiae
1060 3885 1180 3958 partem
1200 3898 1314 3955 μουσι-

219 3967 278 4050 ιιὴν
302 3976 495 4056 appellavit?
547 3996 608 4040 oon
636 3977 709 4039 feeit
732 3998 829 4060 nepae
862 3981 966 4042 acere
990 3986 1106 4062 potuit:
1130 3986 1219 4047 imme
1241 4006 1312 4068 pro-

220 4081 316 4160 prium
338 4082 404 4144 eins
424 4083 522 4162 partis
545 4102 655 4146 nomen
677 4092 724 4145 est
751 4083 928 4159 μελινιιοιία.
953 4089 1014 4152 vid.
1037 4110 1062 4152 e.
1083 4098 1114 4168 6,
1137 4097 1157 4154 4
1178 4101 1209 4154 et
1231 4099 1261 4156 7.
1284 4113 1308 4155 c.

217 4191 269 4263 24,
283 4194 312 4249 l.
355 4189 459 4270 itaque
479 4190 537 4254 lroc
554 4208 665 4254 nemen
684 4210 765 4254 nove
787 4198 818 4254 et
837 4193 915 4273 mire
934 4197 1068 4280 postam
1091 4198 1185 4262 alieni
1207 4207 1310 4264 anem-
